@article{torres2016tracking,
  title={Tracking resilience to infections by mapping disease space},
  author={Torres, Brenda Y and Oliveira, Jose Henrique M and Thomas Tate, Ann and Rath, Poonam and Cumnock, Katherine and Schneider, David S},
  journal={PLOS Biology},
  volume={14},
  number={4},
  pages={e1002436},
  year={2016},
  publisher={Public Library of Science San Francisco, CA USA}
} % paper about tracking phase portrait

@article{cumnock2018host,
  title={Host energy source is important for disease tolerance to malaria},
  author={Cumnock, Katherine and Gupta, Avni S and Lissner, Michelle and Chevee, Victoria and Davis, Nicole M and Schneider, David S},
  journal={Current Biology},
  volume={28},
  number={10},
  pages={1635--1642},
  year={2018},
  publisher={Elsevier}
} % this is the paper about malaria and host energy

@article{mandal2011mathematical,
  title={Mathematical models of malaria-a review},
  author={Mandal, Sandip and Sarkar, Ram Rup and Sinha, Somdatta},
  journal={Malaria journal},
  volume={10},
  number={1},
  pages={1--19},
  year={2011},
  publisher={BioMed Central}
} % review of mathematical modelling in malaria

@article{okabe2000spatial,
  title={Spatial tessellations: concepts and applications of Voronoi diagrams, with a foreword by DG Kendall},
  author={Okabe, A},
  journal={Wiley Series in Probability and Statistics},
  year={2000},
  publisher={John Wiley \& Sons, Ltd.}
} % Delaunay triangulation method.

@article{brunton2016discovering,
  title={Discovering governing equations from data by sparse identification of nonlinear dynamical systems},
  author={Brunton, Steven L and Proctor, Joshua L and Kutz, J Nathan},
  journal={Proceedings of the national academy of sciences},
  volume={113},
  number={15},
  pages={3932--3937},
  year={2016},
  publisher={National Acad Sciences}
} % sparse regression to do reverse engineering


@article{chartrand2011numerical,
  title={Numerical differentiation of noisy, nonsmooth data},
  author={Chartrand, Rick},
  journal={ISRN Applied Mathematics},
  volume={2011},
  year={2011},
  publisher={Hindawi}
} % variational method, functional minimization.


@incollection{akaike1998information,
  title={Information theory and an extension of the maximum likelihood principle},
  author={Akaike, Hirotogu},
  booktitle={Selected papers of hirotugu akaike},
  pages={199--213},
  year={1998},
  publisher={Springer}
} % akaike information criterion

@article{bongard2007automated,
  title={Automated reverse engineering of nonlinear dynamical systems},
  author={Bongard, Josh and Lipson, Hod},
  journal={Proceedings of the National Academy of Sciences},
  volume={104},
  number={24},
  pages={9943--9948},
  year={2007},
  publisher={National Acad Sciences}
} % symbollic regression paper

@misc{hughes2017accelerating,
  title={Accelerating symbolic regression with deep learning},
  author={Hughes, Tyler and Buddhiraju, Siddharth and Rituraj},
  year={2017}
} % CS assignment lol

@article{ding2019dynamics,
  title={Dynamics of a malaria infection model with time delay},
  author={Ding, Qian and Liu, Jian and Guo, Zhiming},
  journal={Math. Biosci. Eng},
  volume={16},
  number={5},
  pages={4885--4907},
  year={2019}
} % DDE of the immune system vs. Plasmodium (malaria)

@article{recker2006conflicting,
  title={Conflicting immune responses can prolong the length of infection in Plasmodium falciparum malaria},
  author={Recker, M and Gupta, S},
  journal={Bulletin of mathematical biology},
  volume={68},
  number={4},
  pages={821--835},
  year={2006},
  publisher={Springer}
} % ODE model of malaria infection immune dynamics

@article{recker2004transient,
  title={Transient cross-reactive immune responses can orchestrate antigenic variation in malaria},
  author={Recker, Mario and Nee, Sean and Bull, Peter C and Kinyanjui, Sam and Marsh, Kevin and Newbold, Chris and Gupta, Sunetra},
  journal={Nature},
  volume={429},
  number={6991},
  pages={555--558},
  year={2004},
  publisher={Nature Publishing Group}
} % another ODE model of malaria infection immune dynamics

@article{gravenor2002model,
  title={A model for estimating total parasite load in falciparum malaria patients},
  author={Gravenor, Mike B and Lloyd, Alun L and Kremsner, Peter G and Missinou, Michel A and English, Mike and Marsh, Kevin and Kwiatkowski, Dominic},
  journal={Journal of theoretical biology},
  volume={217},
  number={2},
  pages={137--148},
  year={2002},
  publisher={Elsevier}
} % another ODE model of malaria infection immune dynamics

@article{anderson1989non,
  title={Non-linear phenomena in hostâ€”parasite interactions},
  author={Anderson, RM and May, RM and Gupta, S},
  journal={Parasitology},
  volume={99},
  number={S1},
  pages={S59--S79},
  year={1989},
  publisher={Cambridge University Press}
} % an original, old ODE model for parasite host interactions malaria

@article{yan2015mathematical,
  title={Mathematical model of susceptibility, resistance, and resilience in the within-host dynamics between a Plasmodium parasite and the immune system},
  author={Yan, Yi and Adam, Brian and Galinski, Mary and Kissinger, Jessica C and Moreno, Alberto and Gutierrez, Juan B},
  journal={Mathematical biosciences},
  volume={270},
  pages={213--223},
  year={2015},
  publisher={Elsevier}
} % age-based model, integro differential equations, about malaria