@article{kogan2013mathematical,
  title={A mathematical model for the immunotherapeutic control of the {T}H1/{T}H2 imbalance in melanoma},
  author={Kogan, Yuri and Agur, Zvia and Elishmereni, Moran},
  journal={Discrete \& Continuous Dynamical Systems-Series B},
  volume={18},
  number={4},
  year={2013}
}

@article{khadra2011investigating,
  title={Investigating the role of {T}-cell avidity and killing efficacy in relation to type 1 diabetes prediction},
  author={Khadra, Anmar and Pietropaolo, Massimo and Nepom, Gerald T and Sherman, Arthur},
  journal={PLOS One},
  volume={6},
  number={5},
  pages={e14796},
  year={2011},
  publisher={Public Library of Science}
}

@article{khadra2009role,
  title={The role of low avidity {T} cells in the protection against type 1 diabetes: a modeling investigation},
  author={Khadra, Anmar and Santamaria, Pere and Edelstein-Keshet, Leah},
  journal={Journal of Theoretical Biology},
  volume={256},
  number={1},
  pages={126--141},
  year={2009},
  publisher={Elsevier}
}

@article{zawadzka2010CNS,
  title={{{CNS}}-resident glial progenitor/stem cells produce Schwann cells as well as oligodendrocytes during repair of {CNS} demyelination},
  author={Zawadzka, Malgorzata and Rivers, Leanne E and Fancy, Stephen PJ and Zhao, Chao and Tripathi, Richa and Jamen, Fran{\c{c}}oise and Young, Kaylene and Goncharevich, Alexander and Pohl, Hartmut and Rizzi, Matteo and others},
  journal={Cell Stem Cell},
  volume={6},
  number={6},
  pages={578--590},
  year={2010},
  publisher={Elsevier}
}

@article{levine1999activation,
  title={Activation and proliferation of endogenous oligodendrocyte precursor cells during ethidium bromide-induced demyelination},
  author={Levine, Joel M and Reynolds, Richard},
  journal={Experimental Neurology},
  volume={160},
  number={2},
  pages={333--347},
  year={1999},
  publisher={Elsevier}
}

@article{periwal2014mathematical,
  title={Mathematical model of liver regeneration in human live donors},
  author={Periwal, V and Gaillard, JR and Needleman, L and Doria, C},
  journal={Journal of Cellular Physiology},
  volume={229},
  number={5},
  pages={599--606},
  year={2014},
  publisher={Wiley Online Library}
}

@article{clemente2016expanding,
  title={Expanding antigen-specific regulatory networks to treat autoimmunity},
  author={Clemente-Casares, Xavier and Blanco, Jesus and Ambalavanan, Poornima and Yamanouchi, Jun and Singha, Santiswarup and Fandos, Cesar and Tsai, Sue and Wang, Jinguo and Garabatos, Nahir and Izquierdo, Cristina and others},
  journal={Nature},
  volume={530},
  number={7591},
  pages={434--440},
  year={2016},
  publisher={Nature Publishing Group UK London}
}

@article{wraith2016antigen,
  title={Antigen-specific immunotherapy},
  author={Wraith, David},
  journal={Nature},
  volume={530},
  pages={422},
  year={2016},
  publisher={Nature Publishing Group}
}



@article{de1999onset,
  title={Onset of type 1 diabetes: a dynamical instability},
  author={De Blasio, B Freiesleben and Bak, Per and Pociot, Flemming and Karlsen, Allan E and Nerup, J{\o}rn},
  journal={Diabetes},
  volume={48},
  number={9},
  pages={1677--1685},
  year={1999},
  publisher={Am Diabetes Assoc}
}




@article{jaberi2014autoimmune,
  title={Autoimmune responses in {T1DM}: quantitative methods to understand onset, progression, and prevention of disease},
  author={Jaberi-Douraki, Majid and Liu, Shang Wan Shalon and Pietropaolo, Massimo and Khadra, Anmar},
  journal={Pediatric Diabetes},
  volume={15},
  number={3},
  pages={162--174},
  year={2014},
  publisher={Wiley Online Library}
}



@article{su2009mathematical,
  title={Mathematical modelling of immune response in tissues},
  author={Su, Bo and Zhou, Wen and Dorman, KS and Jones, DE},
  journal={Computational and Mathematical Methods in Medicine},
  volume={10},
  number={1},
  pages={9--38},
  year={2009},
  publisher={Taylor \& Francis}
}



@article{singha2017peptide,
  title={Peptide-{MHC}-based nanomedicines for autoimmunity function as {T}-cell receptor microclustering devices},
  author={Singha, Santiswarup and Shao, Kun and Yang, Yang and Clemente-Casares, Xavier and Sol{\'e}, Patricia and Clemente, Antonio and Blanco, Jes{\'u}s and Dai, Qin and Song, Fayi and Liu, Shang Wan and others},
  journal={Nature Nanotechnology},
  volume={12},
  pages={701--710},
  year={2017}
} % paper about the mechanics of NP formation and action and doses and all that


@article{serra2015nanoparticle,
  title={Nanoparticle-based autoimmune disease therapy},
  author={Serra, Pau and Santamaria, Pere},
  journal={Clinical Immunology},
  volume={160},
  number={1},
  pages={3--13},
  year={2015},
  publisher={Elsevier}
} 

@article{bayry2016repressing,
  title={Repressing immunity in autoimmune disease},
  author={Bayry, Jagadeesh},
  journal={New England Journal of Medicine},
  volume={374},
  number={21},
  pages={2090--2092},
  year={2016},
  publisher={Mass Medical Soc}
} % letter about the NP therapy paper

@article{jaberi2014predictive,
  title={Predictive models of type 1 diabetes progression: understanding {T}-cell cycles and their implications on autoantibody release},
  author={Jaberi-Douraki, Majid and Pietropaolo, Massimo and Khadra, Anmar},
  journal={PLOS One},
  volume={9},
  number={4},
  pages={e93326},
  year={2014},
  publisher={Public Library of Science}
}

@article{jaberi2015continuum,
  title={Continuum model of {{T}-cell avidity: understanding autoreactive and regulatory T}-cell responses in type 1 diabetes},
  author={Jaberi-Douraki, Majid and Pietropaolo, Massimo and Khadra, Anmar},
  journal={Journal of Theoretical Biology},
  volume={383},
  pages={93--105},
  year={2015},
  publisher={Elsevier}
} % continuum avidity model

@article{prineas1984continual,
  title={Continual breakdown and regeneration of myelin in progressive multiple sclerosis plaques},
  author={Prineas, JW and Kwon, EE and CHO, EUN-SOOK and Sharer, LR},
  journal={Annals of the New York Academy of Sciences},
  volume={436},
  number={1},
  pages={11--32},
  year={1984},
  publisher={Wiley Online Library}
} % regeneration of myellin sheaths.

@article{fausto2001liver,
  title={Liver regeneration: from laboratory to clinic},
  author={Fausto, Nelson},
  journal={Liver Transplantation},
  volume={7},
  number={10},
  pages={835--844},
  year={2001},
  publisher={Wiley Online Library}
} % liver regeneration is fast

@article{santamaria2010long,
  title={The long and winding road to understanding and conquering type 1 diabetes},
  author={Santamaria, Pere},
  journal={Immunity},
  volume={32},
  number={4},
  pages={437--445},
  year={2010},
  publisher={Elsevier}
} % "many autoantigens in T1D, MS"

@article{babbe2000clonal,
  title={Clonal expansions of {CD8}+ {T} cells dominate the {T} cell infiltrate in active multiple sclerosis lesions as shown by micromanipulation and single cell polymerase chain reaction},
  author={Babbe, Holger and Roers, Axel and Waisman, Ari and Lassmann, Hans and Goebels, Norbert and Hohlfeld, Reinhard and Friese, Michael and Schr{\"o}der, Roland and Deckert, Martina and Schmidt, Stephan and others},
  journal={Journal of Experimental Medicine},
  volume={192},
  number={3},
  pages={393--404},
  year={2000},
  publisher={Rockefeller University Press}
} % many autoantigens in MS


@article{perez2016link,
  title={The link of inflammation and neurodegeneration in progressive multiple sclerosis},
  author={P{\'e}rez-Cerd{\'a}, Fernando and S{\'a}nchez-G{\'o}mez, Mar{\'\i}a Victoria and Matute, Carlos},
  journal={Multiple Sclerosis and Demyelinating Disorders},
  volume={1},
  number={1},
  pages={9},
  year={2016},
  publisher={BioMed Central}
} % chronic inflammation in MS

@article{kim2007modeling,
  title={Modeling regulation mechanisms in the immune system},
  author={Kim, Peter S and Lee, Peter P and Levy, Doron},
  journal={Journal of Theoretical Biology},
  volume={246},
  number={1},
  pages={33--69},
  year={2007},
  publisher={Elsevier}
} % general immune regulation paper

@article{van2003antigen,
  title={Antigen presentation on MHC molecules as a diversity filter that enhances immune efficacy},
  author={van den Berg, Hugo A and Rand, David A},
  journal={Journal of Theoretical Biology},
  volume={224},
  number={2},
  pages={249--267},
  year={2003},
  publisher={Elsevier}
} % antigen presentation as MHC I or II

@article{villadangos2008antigen,
  title={Antigen-presentation properties of plasmacytoid dendritic cells},
  author={Villadangos, Jose A and Young, Louise},
  journal={Immunity},
  volume={29},
  number={3},
  pages={352--361},
  year={2008},
  publisher={Elsevier}
} % APC presentation capacity

@article{knolle199810,
  title={{IL-10} down-regulates {T} cell activation by antigen-presenting liver sinusoidal endothelial cells through decreased antigen uptake via the mannose receptor and lowered surface expression of accessory molecules},
  author={Knolle, PA and Uhrig, A and Hegenbarth, S and L{\"o}ser, E and Schmitt, E and Gerken, G and Lohse, AW},
  journal={Clinical and Experimental Immunology},
  volume={114},
  number={3},
  pages={427},
  year={1998},
  publisher={Wiley-Blackwell}
} % IL-10 on APCs in the liver, reduced antigen uptake and accessory molecule expression

@article{de1997effect,
  title={Effect of interleukin-10 on dendritic cell maturation and function},
  author={De Smedt, Thibaut and Van Mechelen, Marcelle and De Becker, Genevi{\`e}ve and Urbain, Jacques and Leo, Oberdan and Moser, Muriel},
  journal={European Journal of Immunology},
  volume={27},
  number={5},
  pages={1229--1235},
  year={1997},
  publisher={Wiley Online Library}
} % IL-10 paper on DCs, affects maturation

@article{steinbrink1997induction,
  title={Induction of tolerance by {IL-10}-treated dendritic cells.},
  author={Steinbrink, Kerstin and W{\"o}lfl, Matthias and Jonuleit, Helmut and Knop, Jurgen and Enk, Alexander H},
  journal={The Journal of Immunology},
  volume={159},
  number={10},
  pages={4772--4780},
  year={1997},
  publisher={Am Assoc Immnol}
} % IL-10 and DCs, paper that shows basal activation at high levels of IL-10

@article{jain2017innate,
  title={Innate control of adaptive immunity: beyond the three-signal paradigm},
  author={Jain, Aakanksha and Pasare, Chandrashekhar},
  journal={The Journal of Immunology},
  volume={198},
  number={10},
  pages={3791--3800},
  year={2017},
  publisher={Am Assoc Immnol}
} % the three signals needed for innate to adaptive immunity

@article{nace2012dendritic,
  title={Dendritic cells and damage-associated molecular patterns: endogenous danger signals linking innate and adaptive immunity},
  author={Nace, Gary and Evankovich, John and Eid, Raymond and Tsung, Allan},
  journal={Journal of Innate Immunity},
  volume={4},
  number={1},
  pages={6--15},
  year={2012},
  publisher={Karger Publishers}
} % DAMPS and DC activation in response to destroyed tissue

@article{land2015role,
  title={The role of damage-associated molecular patterns in human diseases: part {I}-promoting inflammation and immunity},
  author={Land, Walter G},
  journal={Sultan Qaboos University Medical Journal},
  volume={15},
  number={1},
  pages={e9},
  year={2015},
  publisher={Sultan Qaboos University}
} % more on DAMPs and its role in autoimmune disorders (e.g. rheumatoid arthritis)

@article{gagliani2013coexpression,
  title={Coexpression of {CD49b} and {LAG-3} identifies human and mouse {T} regulatory type 1 cells},
  author={Gagliani, Nicola and Magnani, Chiara F and Huber, Samuel and Gianolini, Monica E and Pala, Mauro and Licona-Limon, Paula and Guo, Binggege and De'Broski, R Herbert and Bulfone, Alessandro and Trentini, Filippo and others},
  journal={Nature Medicine},
  volume={19},
  number={6},
  pages={739},
  year={2013},
  publisher={Nature Publishing Group}
} % coexpression of LAG3 and CD49b characterizes Tr1 cell

@inproceedings{pot2011type,
  title={Type 1 regulatory {T} cells ({Tr1}) in autoimmunity},
  author={Pot, Caroline and Apetoh, Lionel and Kuchroo, Vijay K},
  booktitle={Seminars in Immunology},
  volume={23},
  pages={202--208},
  year={2011},
  organization={Elsevier}
} % review of Tr1, describes first description and IL-27 induced Tr1 cell differentiation [AFTER volume, 'number={3},' WAS REMOVED BC ERROR]

@article{bacchetta1994high,
  title={High levels of interleukin 10 production in vivo are associated with tolerance in {SCID} patients transplanted with {HLA} mismatched hematopoietic stem cells.},
  author={Bacchetta, Rosa and Bigler, Mike and Touraine, Jean-Louis and Parkman, Robertson and Tovo, Pier-Angelo and Abrams, John and de Waal Malefyt, R and De Vries, Jan E and Roncarolo, Maria-Grazia},
  journal={Journal of Experimental Medicine},
  volume={179},
  number={2},
  pages={493--502},
  year={1994},
  publisher={Rockefeller University Press}
} % Tr1 cell - original discovery in SCID patients

@article{gershwin1987identification,
  title={Identification and specificity of a cDNA encoding the 70 kd mitochondrial antigen recognized in primary biliary cirrhosis.},
  author={Gershwin, ME and Mackay, IR and Sturgess, A and Coppel, RL},
  journal={The Journal of Immunology},
  volume={138},
  number={10},
  pages={3525--3531},
  year={1987},
  publisher={Am Assoc Immnol}
} % identification of PDC-E2 (without naming it :S) as the primary mitochondrial autoantigen in PBC.

@incollection{yeaman1996pyruvate,
  title={Pyruvate dehydrogenase complex as an autoantigen in primary biliary cirrhosis},
  author={Yeaman, SJ and Diamond, AG},
  booktitle={Alpha-Keto Acid Dehydrogenase Complexes},
  pages={307--317},
  year={1996},
  publisher={Springer}
} % present evidence that E2 subunit of PDC is an important autoantigen in PBC

@article{mendel1995myelin,
  title={A myelin oligodendrocyte glycoprotein peptide induces typical chronic experimental autoimmune encephalomyelitis in {H-2b} mice: Fine specificity and {T} cell receptor V$\beta$ expression of encephalitogenic {T} cells},
  author={Mendel, Itzhack and de Rosbo, Nicole Kerlero and Ben-Nun, Avraham},
  journal={European Journal of Immunology},
  volume={25},
  number={7},
  pages={1951--1959},
  year={1995},
  publisher={Wiley Online Library}
} % pMOG as a known autoantigen in multiple sclerosis

@article{maree2006modeling,
  title={Modeling competition among autoreactive {CD8+} {T} cells in autoimmune diabetes: implications for antigen-specific therapy},
  author={Mar{\'e}e, Athanasius FM and Santamaria, Pere and Edelstein-Keshet, Leah},
  journal={International Immunology},
  volume={18},
  number={7},
  pages={1067--1077},
  year={2006},
  publisher={Oxford University Press}
} % modelling competition, competition term epsilon appears here and was cited by anmar in his 2009 JTB paper

@article{goronzy2008t,
  title={{T}-cell co-stimulatory pathways in autoimmunity},
  author={Goronzy, J{\"o}rg J and Weyand, Cornelia M},
  journal={Arthritis Research \& Therapy},
  volume={10},
  number={1},
  pages={S3},
  year={2008},
  publisher={BioMed Central}
} % [review] co-stimulatory molecules (signal 2) in autoimmunity, also mentions signal 1 (MHC)

@article{curtsinger2010inflammatory,
  title={Inflammatory cytokines as a third signal for {T} cell activation},
  author={Curtsinger, Julie M and Mescher, Matthew F},
  journal={Current Opinion in Immunology},
  volume={22},
  number={3},
  pages={333--340},
  year={2010},
  publisher={Elsevier}
} % [review] talks about signal 3 (cytokine) necessary for adpative immune response

@article{tsai2008cd8,
  title={{CD8+} {T} cells in type 1 diabetes},
  author={Tsai, Sue and Shameli, Afshin and Santamaria, Pere},
  journal={Advances in immunology},
  volume={100},
  pages={79--124},
  year={2008},
  publisher={Elsevier}
} % the book chapter on CD8+ {T} cells in T1D by Pere (lists autoantigens in T1D)

@article{tyson2003sniffers,
  title={Sniffers, buzzers, toggles and blinkers: dynamics of regulatory and signaling pathways in the cell},
  author={Tyson, John J and Chen, Katherine C and Novak, Bela},
  journal={Current Opinion in Cell Biology},
  volume={15},
  number={2},
  pages={221--231},
  year={2003},
  publisher={Elsevier}
} % reference on bistability vs. monostability

@article{umeshappa2019suppression,
  title={Suppression of a broad spectrum of liver autoimmune pathologies by single peptide-{MHC}-based nanomedicines},
  author={Umeshappa, Channakeshava Sokke and Singha, Santiswarup and Blanco, Jesus and Shao, Kun and Nanjundappa, Roopa Hebbandi and Yamanouchi, Jun and Par{\'e}s, Albert and Serra, Pau and Yang, Yang and Santamaria, Pere},
  journal={Nature Communications},
  volume={10},
  number={1},
  pages={2150},
  year={2019},
  publisher={Nature Publishing Group}
} % this is Pere's paper about the liver pathologies, PBC and AIH

@article{umeshappa2020ubiquitous,
  title={Ubiquitous antigen-specific {T} regulatory type 1 cells variably suppress hepatic and extrahepatic autoimmunity},
  author={Umeshappa, Channakeshava Sokke and Mbongue, Jacques and Singha, Santiswarup and Mohapatra, Saswat and Yamanouchi, Jun and Lee, Justin A and Nanjundappa, Roopa Hebbandi and Shao, Kun and Christen, Urs and Yang, Yang and others},
  journal={The Journal of Clinical Investigation},
  volume={130},
  number={4},
  year={2020},
  publisher={Am Soc Clin Investig}
} % this is the paper about simultaneous autoimmunites

@article{galvez2019tcr,
  title={Is {TCR/pMHC} Affinity a Good Estimate of the {T}-cell Response? {An} Answer Based on Predictions From 12 Phenotypic Models},
  author={G{\'a}lvez, Jes{\'u}s and G{\'a}lvez, Juan J and Garc{\'\i}a-Pe{\~n}arrubia, Pilar},
  journal={Frontiers in Immunology},
  volume={10},
  pages={349},
  year={2019},
  publisher={Frontiers}
} % the paper about how different avidities can produce the same results and same avidities can produce different results based on kon and koff

@article{khadra2010pathogenicity,
  title={The pathogenicity of self-antigen decreases at high levels of autoantigenicity: a computational approach},
  author={Khadra, Anmar and Santamaria, Pere and Edelstein-Keshet, Leah},
  journal={International Immunology},
  volume={22},
  number={7},
  pages={571--582},
  year={2010},
  publisher={Oxford University Press}
} % protein processing paper

@article{rojas2012introducing,
  title={Introducing polyautoimmunity: secondary autoimmune diseases no longer exist},
  author={Rojas-Villarraga, Adriana and Amaya-Amaya, Jenny and Rodriguez-Rodriguez, Alberto and Mantilla, Rub{\'e}n D and Anaya, Juan-Manuel},
  journal={Autoimmune Diseases},
  volume={2012},
  year={2012},
  publisher={Hindawi}
} % paper about polyautoimmunity co-occurence statistics