@article{smyth2021characterization,
  title={Characterization of {CD8} {T} Cell-Mediated Mutations in the Immunodominant Epitope {GP33-41} of Lymphocytic Choriomeningitis Virus},
  author={Smyth, Mark and Khamina, Kseniya and Popa, Alexandra and Gudipati, Venugopal and Agerer, Benedikt and Lercher, Alexander and Kosack, Lindsay and Endler, Lukas and Baazim, Hatoon and Viczenczova, Csilla and others},
  journal={Frontiers in Immunology},
  volume={12},
  pages={638485},
  year={2021},
  publisher={Frontiers Media SA}
} % RAG2-/- vs. WT mice, LCMV-Cl13 mutational burden

@article{mccrone2016measurements,
  title={Measurements of intrahost viral diversity are extremely sensitive to systematic errors in variant calling},
  author={McCrone, John T and Lauring, Adam S},
  journal={Journal of Virology},
  volume={90},
  number={15},
  pages={6884--6895},
  year={2016},
  publisher={Am Soc Microbiol}
} % variant calling is sensitive to the number of input genomes

@article{lauring2020within,
  title={Within-host viral diversity: a window into viral evolution},
  author={Lauring, Adam S},
  journal={Annual Review of Virology},
  volume={7},
  pages={63--81},
  year={2020},
  publisher={Annual Reviews}
} % review about measuring within host viral diversity

@article{quigley2010convergent,
  title={Convergent recombination shapes the clonotypic landscape of the naive {T}-cell repertoire},
  author={Quigley, M{\'a}ire F and Greenaway, Hui Yee and Venturi, Vanessa and Lindsay, Ross and Quinn, Kylie M and Seder, Robert A and Douek, Daniel C and Davenport, Miles P and Price, David A},
  journal={Proceedings of the National Academy of Sciences},
  volume={107},
  number={45},
  pages={19414--19419},
  year={2010},
  publisher={National Acad Sciences}
} % frequency of each individual clonotype is different

@article{volz2013viral,
  title={Viral phylodynamics},
  author={Volz, Erik M and Koelle, Katia and Bedford, Trevor},
  journal={PLOS Computational Biology},
  volume={9},
  number={3},
  pages={e1002947},
  year={2013},
  publisher={Public Library of Science San Francisco, USA}
} % phylodynamic structures ("textbook" prototypical examples)

@article{grenfell2004unifying,
  title={Unifying the epidemiological and evolutionary dynamics of pathogens},
  author={Grenfell, Bryan T and Pybus, Oliver G and Gog, Julia R and Wood, James LN and Daly, Janet M and Mumford, Jenny A and Holmes, Edward C},
  journal={Science},
  volume={303},
  number={5656},
  pages={327--332},
  year={2004},
  publisher={American Association for the Advancement of Science}
} % intermediate immune pressure = higher "evolutionary infectivity profile", also phylodynamic trees of a few viruses within and between host eg influenza, dengue, hcv, hiv

@article{nowak1991antigenic,
  title={Antigenic diversity thresholds and the development of {AIDS}},
  author={Nowak, Martin A and Anderson, Roy M and McLean, Angela R and Wolfs, Tom FW and Goudsmit, Jaap and May, Robert M},
  journal={Science},
  volume={254},
  number={5034},
  pages={963--969},
  year={1991},
  publisher={American Association for the Advancement of Science}
} % martin nowak paper on HIV evolution

@article{welsh2008lymphocytic,
  title={Lymphocytic choriomeningitis virus ({LCMV}): propagation, quantitation, and storage},
  author={Welsh, Raymond M and Seedhom, Mina O},
  journal={Current Protocols in Microbiology},
  volume={8},
  number={1},
  pages={15A--1},
  year={2008},
  publisher={Wiley Online Library}
} % LCMV qPCR primers

@article{kamp2002viral,
  title={Viral evolution under the pressure of an adaptive immune system: optimal mutation rates for viral escape},
  author={Kamp, Christel and Wilke, Claus O and Adami, Christoph and Bornholdt, Stefan},
  journal={Complexity},
  volume={8},
  number={2},
  pages={28--33},
  year={2002},
  publisher={Wiley Online Library}
} % model on viral immune co-evolution, optimal mutation rate = maximizes immune escape

@article{peck2018complexities,
  title={Complexities of viral mutation rates},
  author={Peck, Kayla M and Lauring, Adam S},
  journal={Journal of Virology},
  volume={92},
  number={14},
  pages={e01031--17},
  year={2018},
  publisher={Am Soc Microbiol}
} % viral mutation rate per-genome relatively constant for different viruses

@article{raghwani2019high,
  title={High-resolution evolutionary analysis of within-host hepatitis {C} virus infection},
  author={Raghwani, Jayna and Wu, Chieh-Hsi and Ho, Cynthia KY and De Jong, Menno and Molenkamp, Richard and Schinkel, Janke and Pybus, Oliver G and Lythgoe, Katrina A},
  journal={The Journal of Infectious Diseases},
  volume={219},
  number={11},
  pages={1722--1729},
  year={2019},
  publisher={Oxford University Press US}
} % HCV within-host phylogenies

@article{sanjuan2016mechanisms,
  title={Mechanisms of viral mutation},
  author={Sanju{\'a}n, Rafael and Domingo-Calap, Pilar},
  journal={Cellular and Molecular Life Sciences},
  volume={73},
  pages={4433--4448},
  year={2016},
  publisher={Springer}
} % shorter viral genomes = higher mutation rates = per-genome mutation rate is constant = selected for

@article{lemey2006hiv,
  title={{HIV} evolutionary dynamics within and among hosts},
  author={Lemey, Philippe and Rambaut, Andrew and Pybus, Oliver G},
  journal={AIDS Reviews},
  volume={8},
  number={3},
  pages={125--140},
  year={2006}
} % HIV phylogeny within host (and between)

@article{domingo2009fitness,
  title={The fitness effects of random mutations in single-stranded {DNA} and {RNA} bacteriophages},
  author={Domingo-Calap, Pilar and Cuevas, Jose M and Sanjuan, Rafael},
  journal={PLOS Genetics},
  volume={5},
  number={11},
  pages={e1000742},
  year={2009},
  publisher={Public Library of Science San Francisco, USA}
} % phage plaque-to-plaque study, most mutations = deleterious

@article{wylie2011biophysical,
  title={A biophysical protein folding model accounts for most mutational fitness effects in viruses},
  author={Wylie, C Scott and Shakhnovich, Eugene I},
  journal={Proceedings of the National Academy of Sciences},
  volume={108},
  number={24},
  pages={9916--9921},
  year={2011},
  publisher={National Acad Sciences}
} % biophysical model, fitness reduces on average with mutations + lots of deleterious/lethal mutations

@article{bergstrom1999transmission,
  title={Transmission bottlenecks as determinants of virulence in rapidly evolving pathogens},
  author={Bergstrom, Carl T and McElhany, Paul and Real, Leslie A},
  journal={Proceedings of the National Academy of Sciences},
  volume={96},
  number={9},
  pages={5095--5100},
  year={1999},
  publisher={National Acad Sciences}
} % transmission bottlenecks, within to between host, vertical/horizontal transmission

@article{saleem2022machine,
  title={Machine Learning, Deep Learning, and Mathematical Models to Analyze Forecasting and Epidemiology of {COVID-19}: a Systematic Literature Review},
  author={Saleem, Farrukh and Al-Ghamdi, Abdullah Saad Al-Malaise and Alassafi, Madini O and AlGhamdi, Saad Abdulla},
  journal={International Journal of Environmental Research and Public Health},
  volume={19},
  number={9},
  pages={5099},
  year={2022},
  publisher={MDPI}
} % COVID-19 epidemiological models

@article{rahimi2021review,
  title={A review on COVID-19 forecasting models},
  author={Rahimi, Iman and Chen, Fang and Gandomi, Amir H},
  journal={Neural Computing and Applications},
  pages={1--11},
  year={2021},
  publisher={Springer}
} % COVID-19 epidemiological models

@article{saad2022immuno,
  title={Immuno-epidemiology and the predictability of viral evolution},
  author={Saad-Roy, Chadi M and Metcalf, C Jessica E and Grenfell, Bryan T},
  journal={Science},
  volume={376},
  number={6598},
  pages={1161--1162},
  year={2022},
  publisher={American Association for the Advancement of Science}
} % immuno-epidemiology, understanding disease transmission at within host level

@article{moulana2023genotype,
  title={Genotype--phenotype landscapes for immune--pathogen coevolution},
  author={Moulana, Alief and Dupic, Thomas and Phillips, Angela M and Desai, Michael M},
  journal={Trends in Immunology},
  year={2023},
  publisher={Elsevier}
} % co-evolution between pathogen and immune system

@article{tenthorey2022evolutionary,
  title={Evolutionary landscapes of host-virus arms races},
  author={Tenthorey, Jeannette L and Emerman, Michael and Malik, Harmit S},
  journal={Annual Review of Immunology},
  volume={40},
  pages={271--294},
  year={2022},
  publisher={Annual Reviews}
} % co-evolution between pathogen and immune system (more pathogen focused)

@article{petrovic2012hepatitis,
  title={Hepatitis {C} virus--{T}-cell responses and viral escape mutations},
  author={Petrovic, Danijela and Dempsey, Eugene and Doherty, Derek G and Kelleher, Dermot and Long, Aideen},
  journal={European Journal of Immunology},
  volume={42},
  number={1},
  pages={17--26},
  year={2012},
  publisher={Wiley Online Library}
} % T cell escape in HCV

@article{walker2012t,
  title={The {T}-cell response to {HIV}},
  author={Walker, Bruce and McMichael, Andrew},
  journal={Cold Spring Harbor Perspectives in Medicine},
  volume={2},
  number={11},
  pages={a007054},
  year={2012},
  publisher={Cold Spring Harbor Laboratory Press}
} % T cell escape in HIV