@article{jamaleddine2022chronic,
  title={Chronic infection control relies on {T} cells with lower foreign antigen binding strength generated by {N}-nucleotide diversity},
  author={Jamaleddine, Hassan and Rogers, Dakota and Perreault, Genevi{\`e}ve and Mandl, Judith N and Khadra, Anmar},
  journal={BioRxiv},
  pages={2022--06},
  year={2022},
  publisher={Cold Spring Harbor Laboratory}
} % The paper

@article{abdel2019viruses,
   author = {Abdel-Hakeem, Mohamed S},
   title = {Viruses teaching immunology: Role of {LCMV} model and human viral infections in immunological discoveries},
   journal = {Viruses},
   volume = {11},
   number = {2},
   pages = {106},
   year = {2019},
   type = {Journal Article}
}

@article{ahmed1988t4+,
   author = {Ahmed, Rafi and Butler, LD and Bhatti, Laveeza},
   title = {{T4+ T} helper cell function in vivo: differential requirement for induction of antiviral cytotoxic T-cell and antibody responses},
   journal = {Journal of Virology},
   volume = {62},
   number = {6},
   pages = {2102-2106},
   ISSN = {0022-538X},
   year = {1988},
   type = {Journal Article}
}

@article{ahmed1984selection,
   author = {Ahmed, Rafi and Salmi, Aimo and Butler, Larry D and Chiller, Jacques M and Oldstone, Michael B},
   title = {Selection of genetic variants of lymphocytic choriomeningitis virus in spleens of persistently infected mice. {R}ole in suppression of cytotoxic {T} lymphocyte response and viral persistence},
   journal = {The Journal of Experimental Medicine},
   volume = {160},
   number = {2},
   pages = {521-540},
   ISSN = {0022-1007},
   year = {1984},
   type = {Journal Article}
}

@article{alexander1996role,
   author = {Alexander-Miller, Martha A and Leggatt, Graham R and Sarin, Apurva and Berzofsky, Jay A},
   title = {Role of antigen, {CD8}, and cytotoxic {T} lymphocyte ({CTL}) avidity in high dose antigen induction of apoptosis of effector {CTL}},
   journal = {The Journal of Experimental Medicine},
   volume = {184},
   number = {2},
   pages = {485-492},
   ISSN = {0022-1007},
   year = {1996},
   type = {Journal Article}
}

@article{andargachew2018cd4,
   author = {Andargachew, Rakieb and Martinez, Ryan J and Kolawole, Elizabeth M and Evavold, Brian D},
   title = {{CD4} {T} cell affinity diversity is equally maintained during acute and chronic infection},
   journal = {The Journal of Immunology},
   volume = {201},
   number = {1},
   pages = {19-30},
   ISSN = {0022-1767},
   year = {2018},
   type = {Journal Article}
}

@article{anderson2014intravascular,
   author = {Anderson, Kristin G and Mayer-Barber, Katrin and Sung, Heungsup and Beura, Lalit and James, Britnie R and Taylor, Justin J and Qunaj, Lindor and Griffith, Thomas S and Vezys, Vaiva and Barber, Daniel L},
   title = {Intravascular staining for discrimination of vascular and tissue leukocytes},
   journal = {Nature Protocols},
   volume = {9},
   number = {1},
   pages = {209-222},
   ISSN = {1750-2799},
   year = {2014},
   type = {Journal Article}
}

@article{andreatta2022cd4+,
   author = {Andreatta, Massimo and Tjitropranoto, Ariel and Sherman, Zachary and Kelly, Michael C and Ciucci, Thomas and Carmona, Santiago J},
   title = {A {CD4+ T} cell reference map delineates subtype-specific adaptation during acute and chronic viral infections},
   journal = {eLife},
   volume = {11},
   pages = {e76339},
   ISSN = {2050-084X},
   year = {2022},
   type = {Journal Article}
}

@article{asano1996cd8,
   author = {Asano, Mary S and Ahmed, Rafi},
   title = {{CD8 T} cell memory in {B} cell-deficient mice},
   journal = {The Journal of Experimental Medicine},
   volume = {183},
   number = {5},
   pages = {2165-2174},
   ISSN = {0022-1007},
   year = {1996},
   type = {Journal Article}
}

@article{azzam1998cd5,
   author = {Azzam, Hala S and Grinberg, Alex and Lui, Kin and Shen, Howard and Shores, Elizabeth W and Love, Paul E},
   title = {{CD5} expression is developmentally regulated by {T} cell receptor ({TCR}) signals and {TCR} avidity},
   journal = {The Journal of Experimental Medicine},
   volume = {188},
   number = {12},
   pages = {2301-2311},
   ISSN = {0022-1007},
   year = {1998},
   type = {Journal Article}
}

@article{bachmann1997functional,
   author = {Bachmann, Martin F and Speiser, Daniel E and Ohashi, Pamela S},
   title = {Functional management of an antiviral cytotoxic {T}-cell response},
   journal = {Journal of Virology},
   volume = {71},
   number = {8},
   pages = {5764-5768},
   ISSN = {0022-538X},
   year = {1997},
   type = {Journal Article}
}

@article{bergthaler2010viral,
   author = {Bergthaler, Andreas and Flatz, Lukas and Hegazy, Ahmed N and Johnson, Susan and Horvath, Edit and Löhning, Max and Pinschewer, Daniel D},
   title = {Viral replicative capacity is the primary determinant of lymphocytic choriomeningitis virus persistence and immunosuppression},
   journal = {Proceedings of the National Academy of Sciences},
   volume = {107},
   number = {50},
   pages = {21641-21646},
   ISSN = {0027-8424},
   year = {2010},
   type = {Journal Article}
}

@article{bernier2014genetic,
   author = {Bernier, Steve P and Workentine, Matthew L and Surette, Michael G},
   title = {Genetic signature of bacterial pathogen adaptation during chronic pulmonary infections},
   journal = {Nature Genetics},
   volume = {46},
   number = {1},
   pages = {5-6},
   ISSN = {1546-1718},
   year = {2014},
   type = {Journal Article}
}

@article{birnbaum2014deconstructing,
   author = {Birnbaum, Michael E and Mendoza, Juan L and Sethi, Dhruv K and Dong, Shen and Glanville, Jacob and Dobbins, Jessica and Özkan, Engin and Davis, Mark M and Wucherpfennig, Kai W and Garcia, K Christopher},
   title = {Deconstructing the peptide-{MHC} specificity of {T} cell recognition},
   journal = {Cell},
   volume = {157},
   number = {5},
   pages = {1073-1087},
   ISSN = {0092-8674},
   year = {2014},
   type = {Journal Article}
}

@article{bocharov1998modelling,
   author = {Bocharov, GA},
   title = {Modelling the dynamics of {LCMV} infection in mice: conventional and exhaustive {CTL} responses},
   journal = {Journal of Theoretical Biology},
   volume = {192},
   number = {3},
   pages = {283-308},
   ISSN = {0022-5193},
   year = {1998},
   type = {Journal Article}
}

@article{bocharov2015understanding,
   author = {Bocharov, Gennady and Argilaguet, Jordi and Meyerhans, Andreas},
   title = {Understanding experimental {LCMV} infection of mice: the role of mathematical models},
   journal = {Journal of Immunology Research},
   volume = {2015},
   ISSN = {2314-8861},
   year = {2015},
   type = {Journal Article}
}

@article{bogue1992regulation,
   author = {Bogue, Molly and Gilfillan, Susan and Benoist, Christophe and Mathis, Diane},
   title = {Regulation of {N}-region diversity in antigen receptors through thymocyte differentiation and thymus ontogeny},
   journal = {Proceedings of the National Academy of Sciences},
   volume = {89},
   number = {22},
   pages = {11011-11015},
   ISSN = {0027-8424},
   year = {1992},
   type = {Journal Article}
}

@article{bonati1994tcr,
   author = {Bonati, A and Zanelli, P and Savi, M and Neri, TM},
   title = {{TCR}-beta chain gene rearrangement and expression in human {T}-cell development and in leukemia},
   journal = {Leukemia},
   volume = {8},
   number = {6},
   pages = {918-923},
   ISSN = {0887-6924},
   year = {1994},
   type = {Journal Article}
}

@article{brandle1995t,
   author = {Brändle, Daniel and Brduscha‐Riem, Karin and Hayday, Adrian C and Owen, Michael J and Hengartner, Hans and Pircher, Hanspeter},
   title = {T cell development and repertoire of mice expressing a single {T} cell receptor α chain},
   journal = {European Journal of Immunology},
   volume = {25},
   number = {9},
   pages = {2650-2655},
   ISSN = {0014-2980},
   year = {1995},
   type = {Journal Article}
}

@article{bucks2009chronic,
   author = {Bucks, Christine M and Norton, Jillian A and Boesteanu, Alina C and Mueller, Yvonne M and Katsikis, Peter D},
   title = {Chronic antigen stimulation alone is sufficient to drive {CD8+ T} cell exhaustion},
   journal = {The Journal of Immunology},
   volume = {182},
   number = {11},
   pages = {6697-6708},
   ISSN = {0022-1767},
   year = {2009},
   type = {Journal Article}
}

@article{busch1999t,
   author = {Busch, Dirk H and Pamer, Eric G},
   title = {T cell affinity maturation by selective expansion during infection},
   journal = {The Journal of Experimental Medicine},
   volume = {189},
   number = {4},
   pages = {701-710},
   ISSN = {0022-1007},
   year = {1999},
   type = {Journal Article}
}

@article{cabaniols2001most,
   author = {Cabaniols, Jean-Pierre and Fazilleau, Nicolas and Casrouge, Armanda and Kourilsky, Philippe and Kanellopoulos, Jean M},
   title = {Most α/β {T} cell receptor diversity is due to terminal deoxynucleotidyl transferase},
   journal = {The Journal of Experimental Medicine},
   volume = {194},
   number = {9},
   pages = {1385-1390},
   ISSN = {1540-9538},
   year = {2001},
   type = {Journal Article}
}

@article{chang2020t,
   author = {Chang, Yun Min and Wieland, Andreas and Li, Zheng-rong and Im, Se Jin and McGuire, Donald J and Kissick, Haydn T and Antia, Rustom and Ahmed, Rafi},
   title = {T cell receptor diversity and lineage relationship between virus-specific {CD8} {T} cell subsets during chronic lymphocytic choriomeningitis virus infection},
   journal = {Journal of Virology},
   volume = {94},
   number = {20},
   pages = {e00935-20},
   ISSN = {0022-538X},
   year = {2020},
   type = {Journal Article}
}

@article{ciupe2018bistable,
   author = {Ciupe, Stanca M and Miller, Christopher J and Forde, Jonathan E},
   title = {A bistable switch in virus dynamics can explain the differences in disease outcome following SIV infections in rhesus macaques},
   journal = {Frontiers in Microbiology},
   volume = {9},
   pages = {1216},
   ISSN = {1664-302X},
   year = {2018},
   type = {Journal Article}
}

@article{conde1998terminal,
   author = {Conde, Carmen and Weller, Sandra and Gilfillan, Susan and Marcellin, Luc and Martin, Thierry and Pasquali, Jean-Louis},
   title = {Terminal deoxynucleotidyl transferase deficiency reduces the incidence of autoimmune nephritis in {(New Zealand Black× New Zealand White) F1 mice}},
   journal = {The Journal of Immunology},
   volume = {161},
   number = {12},
   pages = {7023-7030},
   ISSN = {0022-1767},
   year = {1998},
   type = {Journal Article}
}

@article{conway2015post,
   author = {Conway, Jessica M and Perelson, Alan S},
   title = {Post-treatment control of {HIV} infection},
   journal = {Proceedings of the National Academy of Sciences},
   volume = {112},
   number = {17},
   pages = {5467-5472},
   ISSN = {0027-8424},
   year = {2015},
   type = {Journal Article}
}

@article{cooper2006evolution,
   author = {Cooper, Max D and Alder, Matthew N},
   title = {The evolution of adaptive immune systems},
   journal = {Cell},
   volume = {124},
   number = {4},
   pages = {815-822},
   ISSN = {0092-8674},
   year = {2006},
   type = {Journal Article}
}

@article{davis1988t,
   author = {Davis, Mark M and Bjorkman, Pamela J},
   title = {T-cell antigen receptor genes and {T}-cell recognition},
   journal = {Nature},
   volume = {334},
   number = {6181},
   pages = {395-402},
   ISSN = {1476-4687},
   year = {1988},
   type = {Journal Article}
}

@article{de2003different,
   author = {De Boer, Rob J and Homann, Dirk and Perelson, Alan S},
   title = {Different dynamics of {CD4+ and CD8+ T} cell responses during and after acute lymphocytic choriomeningitis virus infection},
   journal = {The Journal of Immunology},
   volume = {171},
   number = {8},
   pages = {3928-3935},
   ISSN = {0022-1767},
   year = {2003},
   type = {Journal Article}
}

@article{ditoro2018differential,
   author = {DiToro, Daniel and Winstead, Colleen J and Pham, Duy and Witte, Steven and Andargachew, Rakieb and Singer, Jeffrey R and Wilson, C Garrett and Zindl, Carlene L and Luther, Rita J and Silberger, Daniel J},
   title = {Differential {IL-2} expression defines developmental fates of follicular versus nonfollicular helper {T} cells},
   journal = {Science},
   volume = {361},
   number = {6407},
   pages = {eaao2933},
   ISSN = {0036-8075},
   year = {2018},
   type = {Journal Article}
}

@article{dittmer2004functional,
   author = {Dittmer, Ulf and He, Hong and Messer, Ronald J and Schimmer, Simone and Olbrich, Anke RM and Ohlen, Claes and Greenberg, Philip D and Stromnes, Ingunn M and Iwashiro, Michihiro and Sakaguchi, Shimon},
   title = {Functional impairment of {CD8+ T} cells by regulatory {T} cells during persistent retroviral infection},
   journal = {Immunity},
   volume = {20},
   number = {3},
   pages = {293-303},
   ISSN = {1074-7613},
   year = {2004},
   type = {Journal Article}
}

@article{eaton2004age,
   author = {Eaton, Sheri M and Burns, Eve M and Kusser, Kimberly and Randall, Troy D and Haynes, Laura},
   title = {Age-related defects in {CD4 T} cell cognate helper function lead to reductions in humoral responses},
   journal = {The Journal of Experimental Medicine},
   volume = {200},
   number = {12},
   pages = {1613-1622},
   ISSN = {1540-9538},
   year = {2004},
   type = {Journal Article}
}

@article{estrada2021cd85k,
   author = {Estrada Brull, Anna and Rost, Felix and Oderbolz, Josua and Kirchner, Florian R and Leibundgut-Landmann, Salomé and Oxenius, Annette and Joller, Nicole},
   title = {{CD85k} contributes to regulatory {T} cell function in chronic viral infections},
   journal = {International Journal of Molecular Sciences},
   volume = {22},
   number = {1},
   pages = {31},
   year = {2021},
   type = {Journal Article}
}

@article{feeney2001terminal,
   author = {Feeney, Ann J and Lawson, Brian R and Kono, Dwight H and Theofilopoulos, Argyrios N},
   title = {Terminal deoxynucleotidyl transferase deficiency decreases autoimmune disease in {MRL}-{Faslpr} mice},
   journal = {The Journal of Immunology},
   volume = {167},
   number = {6},
   pages = {3486-3493},
   ISSN = {0022-1767},
   year = {2001},
   type = {Journal Article}
}

@article{robey2004terminal,
  title={Terminal deoxynucleotidyltransferase deficiency decreases autoimmune disease in diabetes-prone nonobese diabetic mice and lupus-prone {MRL-Faslpr} mice},
  author={Robey, Ian F and Peterson, Melissa and Horwitz, Marc S and Kono, Dwight H and Stratmann, Thomas and Theofilopoulos, Argyrios N and Sarvetnick, Nora and Teyton, Luc and Feeney, Ann J},
  journal={The Journal of Immunology},
  volume={172},
  number={7},
  pages={4624--4629},
  year={2004},
  publisher={American Association of Immunologists}
} % less autoimmunity in NOD mice and lupus mice.

@article{fulton2015tcr,
   author = {Fulton, Ross B and Hamilton, Sara E and Xing, Yan and Best, J Adam and Goldrath, Ananda W and Hogquist, Kristin A and Jameson, Stephen C},
   title = {The {TCR}'s sensitivity to self peptide–{MHC} dictates the ability of naive {CD8}+ {T} cells to respond to foreign antigens},
   journal = {Nature Immunology},
   volume = {16},
   number = {1},
   pages = {107},
   ISSN = {1529-2916},
   year = {2015},
   type = {Journal Article}
}

@article{gallegos2016control,
   author = {Gallegos, Alena M and Xiong, Huizhong and Leiner, Ingrid M and Sušac, Bože and Glickman, Michael S and Pamer, Eric G and van Heijst, Jeroen WJ},
   title = {Control of {T} cell antigen reactivity via programmed {TCR} downregulation},
   journal = {Nature Immunology},
   volume = {17},
   number = {4},
   pages = {379-386},
   ISSN = {1529-2916},
   year = {2016},
   type = {Journal Article}
}

@article{gavin1995increased,
   author = {Gavin, Marc A and Bevan, Michael J},
   title = {Increased peptide promiscuity provides a rationale for the lack of {N} regions in the neonatal {T} cell repertoire},
   journal = {Immunity},
   volume = {3},
   number = {6},
   pages = {793-800},
   ISSN = {1074-7613},
   year = {1995},
   type = {Journal Article}
}

@article{gilfillan1995efficient,
   author = {Gilfillan, Susan and Bachmann, Martin and Trembleau, Sylvie and Adorini, Luciano and Kalinke, Ulrich and Zinkernagel, Rolf and Benoist, Christophe and Mathis, Diane},
   title = {Efficient immune responses in mice lacking {N}‐region diversity},
   journal = {European Journal of Immunology},
   volume = {25},
   number = {11},
   pages = {3115-3122},
   ISSN = {0014-2980},
   year = {1995},
   type = {Journal Article}
}

@article{gilfillan1995mice,
   author = {Gilfillan, Susan and Benoist, Christophe and Mathis, Diane},
   title = {Mice lacking terminal deoxynucleotidyl transferase: adult mice with a fetal antigen receptor repertoire},
   journal = {Immunological Reviews},
   volume = {148},
   pages = {201-219},
   ISSN = {0105-2896},
   year = {1995},
   type = {Journal Article}
}

@article{gilfillan1993mice,
   author = {Gilfillan, Susan and Dierich, Andrée and Lemeur, Marianne and Benoist, Christophe and Mathis, Diane},
   title = {Mice lacking {TdT}: mature animals with an immature lymphocyte repertoire},
   journal = {Science},
   volume = {261},
   number = {5125},
   pages = {1175-1178},
   ISSN = {0036-8075},
   year = {1993},
   type = {Journal Article}
}

@article{gilfillan1994more,
   author = {Gilfillan, Susan and Waltzinger, Caroline and Benoist, Christophe and Mathis, Diane},
   title = {More efficient positive selection of thymocytes in mice lacking terminal deoxynucleotidyl transferase},
   journal = {International Immunology},
   volume = {6},
   number = {11},
   pages = {1681-1686},
   ISSN = {1460-2377},
   year = {1994},
   type = {Journal Article}
}

@article{gourley2008dynamics,
   author = {Gourley, Stephen A and Kuang, Yang and Nagy, John D},
   title = {Dynamics of a delay differential equation model of hepatitis {B} virus infection},
   journal = {Journal of Biological Dynamics},
   volume = {2},
   number = {2},
   pages = {140-153},
   ISSN = {1751-3758},
   year = {2008},
   type = {Journal Article}
}

@article{gu1993independent,
   author = {Gu, Hua and Zou, Yong-Rui and Rajewsky, Klaus},
   title = {Independent control of immunoglobulin switch recombination at individual switch regions evidenced through {Cre}-{loxP}-mediated gene targeting},
   journal = {Cell},
   volume = {73},
   number = {6},
   pages = {1155-1164},
   ISSN = {0092-8674},
   year = {1993},
   type = {Journal Article}
}

@article{haeryfar2008terminal,
   author = {Haeryfar, SM Mansour and Hickman, Heather D and Irvine, Kari R and Tscharke, David C and Bennink, Jack R and Yewdell, Jonathan W},
   title = {Terminal deoxynucleotidyl transferase establishes and broadens antiviral {CD8}+ {T} cell immunodominance hierarchies},
   journal = {The Journal of Immunology},
   volume = {181},
   number = {1},
   pages = {649-659},
   ISSN = {0022-1767},
   year = {2008},
   type = {Journal Article}
}

@article{hansen1997characterization,
   author = {Hansen, John D},
   title = {Characterization of rainbow trout terminal deoxynucleotidyl transferase structure and expression. {TdT} and {RAG1} co-expression define the trout primary lymphoid tissues},
   journal = {Immunogenetics},
   volume = {46},
   number = {5},
   pages = {367-375},
   ISSN = {1432-1211},
   year = {1997},
   type = {Journal Article}
}

@article{huang2010kinetics,
   author = {Huang, Jun and Zarnitsyna, Veronika I and Liu, Baoyu and Edwards, Lindsay J and Jiang, Ning and Evavold, Brian D and Zhu, Cheng},
   title = {The kinetics of two-dimensional {TCR} and {pMHC} interactions determine {T}-cell responsiveness},
   journal = {Nature},
   volume = {464},
   number = {7290},
   pages = {932-936},
   ISSN = {1476-4687},
   year = {2010},
   type = {Journal Article}
}

@article{jackson2013shape,
   author = {Jackson, Katherine JL and Kidd, Marie J and Wang, Yan and Collins, Andrew M},
   title = {The shape of the lymphocyte receptor repertoire: lessons from the {B} cell receptor},
   journal = {Frontiers in Immunology},
   volume = {4},
   pages = {263},
   ISSN = {1664-3224},
   year = {2013},
   type = {Journal Article}
}

@article{jackson2011human,
   author = {Jackson, Sarah E and Mason, Gavin M and Wills, Mark R},
   title = {Human cytomegalovirus immunity and immune evasion},
   journal = {Virus Research},
   volume = {157},
   number = {2},
   pages = {151-160},
   ISSN = {0168-1702},
   year = {2011},
   type = {Journal Article}
}

@article{jamaleddine2020quantifying,
   author = {Jamaleddine, Hassan and Santamaria, Pere and Khadra, Anmar},
   title = {Quantifying immunoregulation by autoantigen‐specific {T}‐regulatory type 1 cells in mice with simultaneous hepatic and extra‐hepatic autoimmune disorders},
   journal = {Immunology},
   volume = {161},
   number = {3},
   pages = {209-229},
   ISSN = {0019-2805},
   year = {2020},
   type = {Journal Article}
}

@article{jiang2013intrinsic,
   author = {Jiang, Jiu and Fisher, Erin M and Murasko, Donna M},
   title = {Intrinsic defects in {CD8} {T} cells with aging contribute to impaired primary antiviral responses},
   journal = {Experimental Gerontology},
   volume = {48},
   number = {6},
   pages = {579-586},
   ISSN = {0531-5565},
   year = {2013},
   type = {Journal Article}
}

@article{ju2021self,
   author = {Ju, Young-Jun and Lee, Sung-Woo and Kye, Yoon-Chul and Lee, Gil-Woo and Kim, Hee-Ok and Yun, Cheol-Heui and Cho, Jae-Ho},
   title = {Self-reactivity controls functional diversity of naive {CD8}+ {T} cells by co-opting tonic type {I} interferon},
   journal = {Nature Communications},
   volume = {12},
   number = {1},
   pages = {1-15},
   ISSN = {2041-1723},
   year = {2021},
   type = {Journal Article}
}

@article{kapasi2002defective,
   author = {Kapasi, Zoher F and Murali‐Krishna, Kaja and McRae, Michael L and Ahmed, Rafi},
   title = {Defective generation but normal maintenance of memory {T} cells in old mice},
   journal = {European Journal of Immunology},
   volume = {32},
   number = {6},
   pages = {1567-1573},
   ISSN = {0014-2980},
   year = {2002},
   type = {Journal Article}
}

@article{kecsmir2003clonal,
  title={Clonal exhaustion as a result of immune deviation},
  author={Ke{\c{s}}mir, Can and De Boer, Rob J},
  journal={Bulletin of Mathematical Biology},
  volume={65},
  number={3},
  pages={359--374},
  year={2003},
  publisher={Springer}
}

@article{king2012t,
   author = {King, Carolyn G and Koehli, Sabrina and Hausmann, Barbara and Schmaler, Mathias and Zehn, Dietmar and Palmer, Ed},
   title = {T cell affinity regulates asymmetric division, effector cell differentiation, and tissue pathology},
   journal = {Immunity},
   volume = {37},
   number = {4},
   pages = {709-720},
   ISSN = {1074-7613},
   year = {2012},
   type = {Journal Article}
}

@article{kolawole2020relationship,
   author = {Kolawole, Elizabeth M and Lamb, Tracey J and Evavold, Brian D},
   title = {Relationship of {2D} Affinity to {T} Cell Functional Outcomes},
   journal = {International Journal of Molecular Sciences},
   volume = {21},
   number = {21},
   pages = {7969},
   year = {2020},
   type = {Journal Article}
}

@article{kotturi2007cd8+,
   author = {Kotturi, Maya F and Peters, Bjoern and Buendia-Laysa Jr, Fernando and Sidney, John and Oseroff, Carla and Botten, Jason and Grey, Howard and Buchmeier, Michael J and Sette, Alessandro},
   title = {The {CD8+ T-}cell response to lymphocytic choriomeningitis virus involves the {L} antigen: uncovering new tricks for an old virus},
   journal = {Journal of Virology},
   volume = {81},
   number = {10},
   pages = {4928-4940},
   ISSN = {0022-538X},
   year = {2007},
   type = {Journal Article}
}

@article{kotturi2008naive,
   author = {Kotturi, Maya F and Scott, Iain and Wolfe, Tom and Peters, Bjoern and Sidney, John and Cheroutre, Hilde and von Herrath, Matthias G and Buchmeier, Michael J and Grey, Howard and Sette, Alessandro},
   title = {Naive precursor frequencies and MHC binding rather than the degree of epitope diversity shape {CD8+ T} cell immunodominance},
   journal = {The Journal of Immunology},
   volume = {181},
   number = {3},
   pages = {2124-2133},
   ISSN = {0022-1767},
   year = {2008},
   type = {Journal Article}
}

@article{kugler2016systemic,
   author = {Kugler, David G and Flomerfelt, Francis A and Costa, Diego L and Laky, Karen and Kamenyeva, Olena and Mittelstadt, Paul R and Gress, Ronald E and Rosshart, Stephan P and Rehermann, Barbara and Ashwell, Jonathan D},
   title = {Systemic toxoplasma infection triggers a long-term defect in the generation and function of naive {T} lymphocytes},
   journal = {The Journal of Experimental Medicine},
   volume = {213},
   number = {13},
   pages = {3041-3056},
   ISSN = {0022-1007},
   year = {2016},
   type = {Journal Article}
}

@article{kumbhari2020optimisation,
   author = {Kumbhari, Adarsh and Kim, Peter S and Lee, Peter P},
   title = {Optimisation of anti-cancer peptide vaccines to preferentially elicit high-avidity {T} cells},
   journal = {Journal of Theoretical Biology},
   volume = {486},
   pages = {110067},
   ISSN = {0022-5193},
   year = {2020},
   type = {Journal Article}
}

@article{kumbhari2021minimal,
   author = {Kumbhari, Adarsh and Rose, Danya and Lee, Peter P and Kim, Peter S},
   title = {A minimal model of {T} cell avidity may identify subtherapeutic vaccine schedules},
   journal = {Mathematical Biosciences},
   volume = {334},
   pages = {108556},
   ISSN = {0025-5564},
   year = {2021},
   type = {Journal Article}
}

@article{la2006virus,
   author = {La Gruta, Nicole L and Kedzierska, Katherine and Pang, Ken and Webby, Richard and Davenport, Miles and Chen, Weisan and Turner, Stephen J and Doherty, Peter C},
   title = {A virus-specific {CD8+ T} cell immunodominance hierarchy determined by antigen dose and precursor frequencies},
   journal = {Proceedings of the National Academy of Sciences},
   volume = {103},
   number = {4},
   pages = {994-999},
   ISSN = {0027-8424},
   year = {2006},
   type = {Journal Article}
}

@article{lee1994isolation,
   author = {Lee, Ada and Hsu, Ellen},
   title = {Isolation and characterization of the Xenopus terminal deoxynucleotidyl transferase},
   journal = {The Journal of Immunology},
   volume = {152},
   number = {9},
   pages = {4500-4507},
   ISSN = {0022-1767},
   year = {1994},
   type = {Journal Article}
}

@article{litman2010origins,
   author = {Litman, Gary W and Rast, Jonathan P and Fugmann, Sebastian D},
   title = {The origins of vertebrate adaptive immunity},
   journal = {Nature Reviews Immunology},
   volume = {10},
   number = {8},
   pages = {543-553},
   ISSN = {1474-1741},
   year = {2010},
   type = {Journal Article}
}

@article{ludewig2004determining,
   author = {Ludewig, Burkhard and Krebs, Philippe and Junt, Tobias and Metters, Helen and Ford, Neville J and Anderson, Roy M and Bocharov, Gennady},
   title = {Determining control parameters for dendritic cell‐cytotoxic {T} lymphocyte interaction},
   journal = {European Journal of Immunology},
   volume = {34},
   number = {9},
   pages = {2407-2418},
   ISSN = {0014-2980},
   year = {2004},
   type = {Journal Article}
}

@article{mandl2013t,
   author = {Mandl, Judith N and Monteiro, João P and Vrisekoop, Nienke and Germain, Ronald N},
   title = {T cell-positive selection uses self-ligand binding strength to optimize repertoire recognition of foreign antigens},
   journal = {Immunity},
   volume = {38},
   number = {2},
   pages = {263-274},
   ISSN = {1074-7613},
   year = {2013},
   type = {Journal Article}
}

@article{margulies2001tcr,
   author = {Margulies, David H},
   title = {{TCR} avidity: it's not how strong you make it, it's how you make it strong},
   journal = {Nature Immunology},
   volume = {2},
   number = {8},
   pages = {669-670},
   ISSN = {1529-2916},
   year = {2001},
   type = {Journal Article}
}

@article{martinez2015lower,
   author = {Martinez, Ryan J and Evavold, Brian D},
   title = {Lower affinity {T} cells are critical components and active participants of the immune response},
   journal = {Frontiers in Immunology},
   volume = {6},
   pages = {468},
   ISSN = {1664-3224},
   year = {2015},
   type = {Journal Article}
}

@article{mcheyzer1995antigen,
   author = {McHeyzer-Williams, Michael G and Davis, Mark M},
   title = {Antigen-specific development of primary and memory {T} cells in vivo},
   journal = {Science},
   volume = {268},
   number = {5207},
   pages = {106-111},
   ISSN = {0036-8075},
   year = {1995},
   type = {Journal Article}
}

@article{mclane2019cd8,
   author = {McLane, Laura M and Abdel-Hakeem, Mohamed S and Wherry, E John},
   title = {{CD8 T} cell exhaustion during chronic viral infection and cancer},
   journal = {Annual Review of Immunology},
   volume = {37},
   number = {1},
   pages = {457-495},
   year = {2019},
   type = {Journal Article}
}

@article{meli2020il4,
   author = {Meli, Alexandre P and Wang, Yaqiu and de Kouchkovsky, Dimitri A and Kong, Yong and Basu, Malay K and Ghosh, Sourav and Rothlin, Carla V},
   title = {{IL-4-induced hysteresis in naïve T cell} activation},
   journal = {bioRxiv},
   year = {2020},
   type = {Journal Article}
}

@article{messaoudi2002direct,
   author = {Messaoudi, Ilhem and Patino, Jose A Guevara and Dyall, Ruben and LeMaoult, Joël and Nikolich-Zugich, Janko},
   title = {Direct link between mhc polymorphism, {T} cell avidity, and diversity in immune defense},
   journal = {Science},
   volume = {298},
   number = {5599},
   pages = {1797-1800},
   ISSN = {1095-9203},
   year = {2002},
   type = {Journal Article}
}

@article{meyer2004limited,
   author = {Meyer-Olson, Dirk and Shoukry, Naglaa H and Brady, Kristen W and Kim, Helen and Olson, Douglas P and Hartman, Kelly and Shintani, Ayumi K and Walker, Christopher M and Kalams, Spyros A},
   title = {Limited {T cell receptor diversity of HCV-specific T} cell responses is associated with {CTL} escape},
   journal = {The Journal of Experimental Medicine},
   volume = {200},
   number = {3},
   pages = {307-319},
   ISSN = {1540-9538},
   year = {2004},
   type = {Journal Article}
}

@article{molari2020quantitative,
   author = {Molari, Marco and Eyer, Klaus and Baudry, Jean and Cocco, Simona and Monasson, Rémi},
   title = {Quantitative modeling of the effect of antigen dosage on {B}-cell affinity distributions in maturating germinal centers},
   journal = {eLife},
   volume = {9},
   pages = {e55678},
   ISSN = {2050-084X},
   year = {2020},
   type = {Journal Article}
}

@article{mombaerts1992mutations,
   author = {Mombaerts, Peter and Clarke, Alan R and Rudnicki, Michael A and Iacomini, John and Itohara, Shigeyoshi and Lafaille, Juan J and Wang, Lili and Ichikawa, Yoshiaki and Jaenisch, Rudolf and Hooper, Martin L},
   title = {Mutations in {T}-cell antigen receptor genes α and β block thymocyte development at different stages},
   journal = {Nature},
   volume = {360},
   number = {6401},
   pages = {225-231},
   ISSN = {1476-4687},
   year = {1992},
   type = {Journal Article}
}

@article{moore2002evidence,
   author = {Moore, Corey B and John, Mina and James, Ian R and Christiansen, Frank T and Witt, Campbell S and Mallal, Simon A},
   title = {Evidence of {HIV-1} adaptation to {HLA}-restricted immune responses at a population level},
   journal = {Science},
   volume = {296},
   number = {5572},
   pages = {1439-1443},
   ISSN = {1095-9203},
   year = {2002},
   type = {Journal Article}
}

@article{murugan2012statistical,
   author = {Murugan, Anand and Mora, Thierry and Walczak, Aleksandra M and Callan, Curtis G},
   title = {Statistical inference of the generation probability of {T}-cell receptors from sequence repertoires},
   journal = {Proceedings of the National Academy of Sciences},
   volume = {109},
   number = {40},
   pages = {16161-16166},
   ISSN = {0027-8424},
   year = {2012},
   type = {Journal Article}
}

@article{nowak1996population,
   author = {Nowak, Martin A and Bangham, Charles RM},
   title = {Population dynamics of immune responses to persistent viruses},
   journal = {Science},
   volume = {272},
   number = {5258},
   pages = {74-79},
   ISSN = {0036-8075},
   year = {1996},
   type = {Journal Article}
}

@article{nowak1996viral,
   author = {Nowak, Martin A and Bonhoeffer, Sebastian and Hill, Andrew M and Boehme, Richard and Thomas, Howard C and McDade, Hugh},
   title = {Viral dynamics in hepatitis {B} virus infection},
   journal = {Proceedings of the National Academy of Sciences},
   volume = {93},
   number = {9},
   pages = {4398-4402},
   ISSN = {0027-8424},
   year = {1996},
   type = {Journal Article}
}

@article{nowak1995antigenic,
   author = {Nowak, Martin A and May, Robert M and Phillips, Rodney E and Rowland-Jones, Sarah and Lalloo, David G and McAdam, Steven and Klenerman, Paul and Köppe, Britta and Sigmund, Karl and Bangham, Charles RM},
   title = {Antigenic oscillations and shifting immunodominance in {HIV-1} infections},
   journal = {Nature},
   volume = {375},
   number = {6532},
   pages = {606-611},
   ISSN = {1476-4687},
   year = {1995},
   type = {Journal Article}
}

@article{oxenius1998virus,
   author = {Oxenius, Annette and Bachmann, Martin F and Zinkernagel, Rolf M and Hengartner, Hans},
   title = {Virus‐specific major {MHC class II}‐restricted {TCR}‐transgenic mice: effects on humoral and cellular immune responses after viral infection},
   journal = {European Journal of Immunology},
   volume = {28},
   number = {1},
   pages = {390-400},
   ISSN = {0014-2980},
   year = {1998},
   type = {Journal Article}
}

@article{park2007coreceptor,
   author = {Park, Jung-Hyun and Adoro, Stanley and Lucas, Philip J and Sarafova, Sophia D and Alag, Amala S and Doan, Loretta L and Erman, Batu and Liu, Xiaolong and Ellmeier, Wilfried and Bosselut, Remy},
   title = {'Coreceptor tuning': cytokine signals transcriptionally tailor {CD8} coreceptor expression to the self-specificity of the {TCR}},
   journal = {Nature Immunology},
   volume = {8},
   number = {10},
   pages = {1049-1059},
   ISSN = {1529-2916},
   year = {2007},
   type = {Journal Article}
}

@article{penaloza2014interplay,
   author = {Penaloza-MacMaster, Pablo and Kamphorst, Alice O and Wieland, Andreas and Araki, Koichi and Iyer, Smita S and West, Erin E and O’Mara, Leigh and Yang, Shu and Konieczny, Bogumila T and Sharpe, Arlene H},
   title = {Interplay between regulatory {T} cells and {PD-1} in modulating {T} cell exhaustion and viral control during chronic {LCMV} infection},
   journal = {The Journal of Experimental Medicine},
   volume = {211},
   number = {9},
   pages = {1905-1918},
   ISSN = {1540-9538},
   year = {2014},
   type = {Journal Article}
}

@article{richer2013pathogen,
   author = {Richer, Martin J and Nolz, Jeffrey C and Harty, John T},
   title = {Pathogen-specific inflammatory milieux tune the antigen sensitivity of {CD8+ T} cells by enhancing {T} cell receptor signaling},
   journal = {Immunity},
   volume = {38},
   number = {1},
   pages = {140-152},
   ISSN = {1074-7613},
   year = {2013},
   type = {Journal Article}
}

@article{rogers2021pre,
  title={Pre-existing chromatin accessibility and gene expression differences among na{\"\i}ve {CD4+ T} cells influence effector potential},
  author={Rogers, Dakota and Sood, Aditi and Wang, HanChen and van Beek, Jasper JP and Rademaker, Thomas J and Artusa, Patricio and Schneider, Caitlin and Shen, Connie and Wong, Dylan C and Bhagrath, Aanya and others},
  journal={Cell Reports},
  volume={37},
  number={9},
  pages={110064},
  year={2021},
  publisher={Elsevier}
}

@article{rosenthal2012low,
   author = {Rosenthal, Kristen M and Edwards, Lindsay J and Sabatino Jr, Joseph J and Hood, Jennifer D and Wasserman, Heather A and Zhu, Cheng and Evavold, Brian D},
   title = {Low 2-dimensional {CD4} {T} cell receptor affinity for myelin sets in motion delayed response kinetics},
   journal = {PLOS One},
   volume = {7},
   number = {3},
   pages = {e32562},
   ISSN = {1932-6203},
   year = {2012},
   type = {Journal Article}
}

@article{rouse2010immunity,
   author = {Rouse, Barry T and Sehrawat, Sharvan},
   title = {Immunity and immunopathology to viruses: what decides the outcome?},
   journal = {Nature Reviews Immunology},
   volume = {10},
   number = {7},
   pages = {514-526},
   ISSN = {1474-1741},
   year = {2010},
   type = {Journal Article}
}

@article{rudd2020neonatal,
   author = {Rudd, Brian D},
   title = {Neonatal {T} cells: a reinterpretation},
   journal = {Annual Review of Immunology},
   volume = {38},
   pages = {229},
   year = {2020},
   type = {Journal Article}
}

@article{schatz2011recombination,
   author = {Schatz, David G and Ji, Yanhong},
   title = {Recombination centres and the orchestration of {V(D)J} recombination},
   journal = {Nature Reviews Immunology},
   volume = {11},
   number = {4},
   pages = {251-263},
   ISSN = {1474-1741},
   year = {2011},
   type = {Journal Article}
}

@article{schneider2020migration,
   author = {Schneider, Caitlin and Shen, Connie and Gopal, Angelica A and Douglas, Todd and Forestell, Benjamin and Kauffman, Keith D and Rogers, Dakota and Artusa, Patricio and Zhang, Qian and Jing, Huie},
   title = {Migration-induced cell shattering due to {DOCK8} deficiency causes a type 2–biased helper {T} cell response},
   journal = {Nature Immunology},
   volume = {21},
   number = {12},
   pages = {1528-1539},
   ISSN = {1529-2916},
   year = {2020},
   type = {Journal Article}
}

@article{schober2020reverse,
   author = {Schober, Kilian and Voit, Florian and Grassmann, Simon and Mueller, Thomas R and Eggert, Joel and Jarosch, Sebastian and Weißbrich, Bianca and Hoffmann, Patrick and Borkner, Lisa and Nio, Enzo},
   title = {Reverse {TCR} repertoire evolution toward dominant low-affinity clones during chronic {CMV} infection},
   journal = {Nature Immunology},
   volume = {21},
   number = {4},
   pages = {434-441},
   ISSN = {1529-2916},
   year = {2020},
   type = {Journal Article}
}

@article{sewell2012why,
   author = {Sewell, Andrew K},
   title = {Why must {T} cells be cross-reactive?},
   journal = {Nature Reviews Immunology},
   volume = {12},
   number = {9},
   pages = {669-677},
   ISSN = {1474-1741},
   year = {2012},
   type = {Journal Article}
}

@article{shakiba2021tcr,
   author = {Shakiba, Mojdeh and Zumbo, Paul and Espinosa-Carrasco, Gabriel and Menocal, Laura and Dündar, Friederike and Carson, Sandra E and Bruno, Emmanuel M and Sanchez-Rivera, Francisco J and Lowe, Scott W and Camara, Steven},
   title = {{TCR} signal strength defines distinct mechanisms of {T} cell dysfunction and cancer evasion},
   journal = {The Journal of Experimental Medicine},
   volume = {219},
   number = {2},
   pages = {e20201966},
   ISSN = {0022-1007},
   year = {2021},
   type = {Journal Article}
}

@article{snook2018tcr,
   author = {Snook, Jeremy P and Kim, Chulwoo and Williams, Matthew A},
   title = {{TCR} signal strength controls the differentiation of {CD4}+ effector and memory {T} cells},
   journal = {Science Immunology},
   volume = {3},
   number = {25},
   pages = {eaas9103},
   ISSN = {2470-9468},
   year = {2018},
   type = {Journal Article}
}

@article{sood2021cd5,
   author = {Sood, Aditi and Lebel, Marie‐Ève and Dong, Mengqi and Fournier, Marilaine and Vobecky, Suzanne J and Haddad, Élie and Delisle, Jean‐Sébastien and Mandl, Judith N and Vrisekoop, Nienke and Melichar, Heather J},
   title = {{CD5} levels define functionally heterogeneous populations of naïve human {CD4}+ {T} cells},
   journal = {European Journal of Immunology},
   volume = {51},
   number = {6},
   pages = {1365-1376},
   ISSN = {0014-2980},
   year = {2021},
   type = {Journal Article}
}

@article{stamm2012intermediate,
   author = {Stamm, Andrew and Valentine, Laura and Potts, Rashaun and Premenko-Lanier, Mary},
   title = {An intermediate dose of {LCMV} clone 13 causes prolonged morbidity that is maintained by {CD4+ T} cells},
   journal = {Virology},
   volume = {425},
   number = {2},
   pages = {122-132},
   ISSN = {0042-6822},
   year = {2012},
   type = {Journal Article}
}

@article{standifer2009changes,
   author = {Standifer, Nathan E and Burwell, Emily A and Gersuk, Vivian H and Greenbaum, Carla J and Nepom, Gerald T},
   title = {Changes in autoreactive {T} cell avidity during type 1 diabetes development},
   journal = {Clinical Immunology},
   volume = {132},
   number = {3},
   pages = {312-320},
   ISSN = {1521-6616},
   year = {2009},
   type = {Journal Article}
}

@article{sullivan2011point,
  title={Point mutation in the glycoprotein of lymphocytic choriomeningitis virus is necessary for receptor binding, dendritic cell infection, and long-term persistence},
  author={Sullivan, Brian M and Emonet, S{\'e}bastien F and Welch, Megan J and Lee, Andrew M and Campbell, Kevin P and de la Torre, Juan C and Oldstone, Michael B},
  journal={Proceedings of the National Academy of Sciences},
  volume={108},
  number={7},
  pages={2969--2974},
  year={2011},
  publisher={National Academy of Sciences}
}

@article{tsitsiklis2020unusual,
   author = {Tsitsiklis, Alexandra and Bangs, Derek J and Lutes, Lydia K and Chan, Shiao W and Geiger, Kristina M and Modzelewski, Andrew J and Labarta-Bajo, Lara and Wang, Yang and Zuniga, Elina I and Dai, Shaodong},
   title = {An unusual {MHC} molecule generates protective {CD8+ T} cell responses to chronic infection},
   journal = {Frontiers in Immunology},
   volume = {11},
   pages = {1464},
   ISSN = {1664-3224},
   year = {2020},
   type = {Journal Article}
}

@article{van2013rate,
   author = {van Deutekom, Hanneke WM and Wijnker, Gilles and de Boer, Rob J},
   title = {The rate of immune escape vanishes when multiple immune responses control an {HIV} infection},
   journal = {The Journal of Immunology},
   volume = {191},
   number = {6},
   pages = {3277-3286},
   ISSN = {0022-1767},
   year = {2013},
   type = {Journal Article}
}

@article{van2011costimulatory,
   author = {van Gisbergen, Klaas PJM and Klarenbeek, Paul L and Kragten, Natasja AM and Unger, Peter-Paul A and Nieuwenhuis, Marieke BB and Wensveen, Felix M and Ten Brinke, Anja and Tak, Paul P and Eldering, Eric and Nolte, Martijn A},
   title = {The costimulatory molecule {CD27} maintains clonally diverse {CD8+ T} cell responses of low antigen affinity to protect against viral variants},
   journal = {Immunity},
   volume = {35},
   number = {1},
   pages = {97-108},
   ISSN = {1074-7613},
   year = {2011},
   type = {Journal Article}
}

@article{van2016tcr,
   author = {Van Panhuys, Nicholas},
   title = {{TCR} signal strength alters {T–DC} activation and interaction times and directs the outcome of differentiation},
   journal = {Frontiers in Immunology},
   volume = {7},
   pages = {6},
   ISSN = {1664-3224},
   year = {2016},
   type = {Journal Article}
}

@article{vrisekoop2014revisiting,
   author = {Vrisekoop, Nienke and Monteiro, João P and Mandl, Judith N and Germain, Ronald N},
   title = {Revisiting thymic positive selection and the mature {T} cell repertoire for antigen},
   journal = {Immunity},
   volume = {41},
   number = {2},
   pages = {181-190},
   ISSN = {1074-7613},
   year = {2014},
   type = {Journal Article}
}

@article{wang2020modeling,
   author = {Wang, Sunpeng and Pan, Yang and Wang, Quanyi and Miao, Hongyu and Brown, Ashley N and Rong, Libin},
   title = {Modeling the viral dynamics of {SARS-CoV-2} infection},
   journal = {Mathematical Biosciences},
   volume = {328},
   pages = {108438},
   ISSN = {0025-5564},
   year = {2020},
   type = {Journal Article}
}

@article{wherry2011t,
   author = {Wherry, E John},
   title = {T cell exhaustion},
   journal = {Nature Immunology},
   volume = {12},
   number = {6},
   pages = {492-499},
   ISSN = {1529-2916},
   year = {2011},
   type = {Journal Article}
}

@article{wherry2003viral,
   author = {Wherry, E John and Blattman, Joseph N and Murali-Krishna, Kaja and Van Der Most, Robbert and Ahmed, Rafi},
   title = {Viral persistence alters {CD8} {T}-cell immunodominance and tissue distribution and results in distinct stages of functional impairment},
   journal = {Journal of Virology},
   volume = {77},
   number = {8},
   pages = {4911-4927},
   ISSN = {0022-538X},
   year = {2003},
   type = {Journal Article}
}

@article{wherry2015molecular,
   author = {Wherry, E John and Kurachi, Makoto},
   title = {Molecular and cellular insights into {T} cell exhaustion},
   journal = {Nature Reviews Immunology},
   volume = {15},
   number = {8},
   pages = {486-499},
   ISSN = {1474-1741},
   year = {2015},
   type = {Journal Article}
}

@article{woopen2018christina,
   author = {Woopen, Christina and Straub, Tobias and Schweier, Oliver and Aichele, Ulrike and Düker, Katharina and Boehm, Thomas and Pircher, Hanspeter},
   title = {Immunological tolerance to {LCMV} antigens differently affects control of acute and chronic virus infection in mice},
   journal = {European Journal of Immunology},
   volume = {48},
   number = {1},
   pages = {120-127},
   ISSN = {0014-2980},
   year = {2018},
   type = {Journal Article}
}

@article{yager2008age,
   author = {Yager, Eric J and Ahmed, Mushtaq and Lanzer, Kathleen and Randall, Troy D and Woodland, David L and Blackman, Marcia A},
   title = {Age-associated decline in {T} cell repertoire diversity leads to holes in the repertoire and impaired immunity to influenza virus},
   journal = {The Journal of Experimental Medicine},
   volume = {205},
   number = {3},
   pages = {711-723},
   ISSN = {1540-9538},
   year = {2008},
   type = {Journal Article}
}

@article{yassai2002molecular,
   author = {Yassai, Maryam and Ammon, Kristin and Goverman, Joan and Marrack, Phillipa and Naumov, Yuri and Gorski, Jack},
   title = {A molecular marker for thymocyte-positive selection: selection of {CD4} single-positive thymocytes with shorter {TCRb CDR3} during {T} cell development},
   journal = {The Journal of Immunology},
   volume = {168},
   number = {8},
   pages = {3801-3807},
   ISSN = {0022-1767},
   year = {2002},
   type = {Journal Article}
}

@article{yassai2000thymocyte,
   author = {Yassai, Maryam and Gorski, Jack},
   title = {Thymocyte maturation: selection for in-frame {TCR} α-chain rearrangement is followed by selection for shorter {TCR} β-chain complementarity-determining region 3},
   journal = {The Journal of Immunology},
   volume = {165},
   number = {7},
   pages = {3706-3712},
   ISSN = {0022-1767},
   year = {2000},
   type = {Journal Article}
}

@article{yassai2009clonotype,
   author = {Yassai, Maryam B and Naumov, Yuri N and Naumova, Elena N and Gorski, Jack},
   title = {A clonotype nomenclature for {T} cell receptors},
   journal = {Immunogenetics},
   volume = {61},
   number = {7},
   pages = {493-502},
   ISSN = {1432-1211},
   year = {2009},
   type = {Journal Article}
}

@article{yewdell2006confronting,
   author = {Yewdell, Jonathan W},
   title = {Confronting complexity: real-world immunodominance in antiviral {CD8+ T} cell responses},
   journal = {Immunity},
   volume = {25},
   number = {4},
   pages = {533-543},
   ISSN = {1074-7613},
   year = {2006},
   type = {Journal Article}
}

@article{yewdell1999immunodominance,
   author = {Yewdell, Jonathan W and Bennink, Jack R},
   title = {Immunodominance in major histocompatibility complex class {I–restricted T} lymphocyte responses},
   journal = {Annual Review of Immunology},
   volume = {17},
   number = {1},
   pages = {51-88},
   ISSN = {0732-0582},
   year = {1999},
   type = {Journal Article}
}

@article{zarnitsyna2013estimating,
   author = {Zarnitsyna, Veronika and Evavold, Brian and Schoettle, Louie and Blattman, Joseph and Antia, Rustom},
   title = {Estimating the diversity, completeness, and cross-reactivity of the {T} cell repertoire},
   journal = {Frontiers in Immunology},
   volume = {4},
   pages = {485},
   ISSN = {1664-3224},
   year = {2013},
   type = {Journal Article}
}

@article{zehn2009complete,
   author = {Zehn, Dietmar and Lee, Sarah Y and Bevan, Michael J},
   title = {Complete but curtailed {T}-cell response to very low-affinity antigen},
   journal = {Nature},
   volume = {458},
   number = {7235},
   pages = {211-214},
   ISSN = {1476-4687},
   year = {2009},
   type = {Journal Article}
}

@article{zinkernagel1974restriction,
   author = {Zinkernagel, Rolf M and Doherty, Peter C},
   title = {Restriction of in vitro {T} cell-mediated cytotoxicity in lymphocytic choriomeningitis within a syngeneic or semiallogeneic system},
   journal = {Nature},
   volume = {248},
   number = {5450},
   pages = {701-702},
   ISSN = {1476-4687},
   year = {1974},
   type = {Journal Article}
}

@article{zitzmann2018mathematical,
   author = {Zitzmann, Carolin and Kaderali, Lars},
   title = {Mathematical analysis of viral replication dynamics and antiviral treatment strategies: from basic models to age-based multi-scale modeling},
   journal = {Frontiers in Microbiology},
   volume = {9},
   pages = {1546},
   ISSN = {1664-302X},
   year = {2018},
   type = {Journal Article}
}

@article{textor2022machine,
  title={Machine learning analysis of the {T} cell receptor repertoire identifies sequence features that predict self-reactivity},
  author={Textor, Johannes and Buytenhuijs, Franka and Rogers, Dakota and Mallet Gauthier, {\`E}ve and Sultan, Shabaz and Wortel, Inge MN and Kalies, Kathrin and F{\"a}hnrich, Anke and Pagel, Ren{\'e} and Melichar, Heather and others},
  journal={BioRxiv},
  pages={2022--11},
  year={2022},
  publisher={Cold Spring Harbor Laboratory}
}

