@article{medzhitov1997human,
  title={A human homologue of the {D}rosophila {T}oll protein signals activation of adaptive immunity},
  author={Medzhitov, Ruslan and Preston-Hurlburt, Paula and Janeway Jr, Charles A},
  journal={Nature},
  volume={388},
  number={6640},
  pages={394--397},
  year={1997},
  publisher={Nature Publishing Group UK London}
} % discovery of TLR

@article{pancer2006evolution,
  title={The evolution of adaptive immunity},
  author={Pancer, Zeev and Cooper, Max D},
  journal={Annual Review of Immunology},
  volume={24},
  pages={497--518},
  year={2006},
  publisher={Annual Reviews}
} % evolution of adaptive immunity, 500 mya

@article{redmond2018phylotranscriptomics,
  title={Phylotranscriptomics suggests the jawed vertebrate ancestor could generate diverse helper and regulatory {T} cell subsets},
  author={Redmond, Anthony K and Macqueen, Daniel J and Dooley, Helen},
  journal={BMC Evolutionary Biology},
  volume={18},
  number={1},
  pages={1--19},
  year={2018},
  publisher={BioMed Central}
} % Cd4 t cells in cartilageonous fish, 450mya

@article{vitetta1991memory,
  title={Memory {B} and {T} cells},
  author={Vitetta, Ellen S and Berton, Michael T and Burger, Christa and Kepron, Michael and Lee, William T and Yin, Xiao-Ming},
  journal={Annual Review of Immunology},
  volume={9},
  number={1},
  pages={193--217},
  year={1991},
  publisher={Annual Reviews 4139 El Camino Way, PO Box 10139, Palo Alto, CA 94303-0139, USA}
} % immunological memory review

@article{eftimie2016mathematical,
  title={Mathematical models for immunology: current state of the art and future research directions},
  author={Eftimie, Raluca and Gillard, Joseph J and Cantrell, Doreen A},
  journal={Bulletin of Mathematical Biology},
  volume={78},
  pages={2091--2134},
  year={2016},
  publisher={Springer}
} % fairly thorough review of mathematical models in immunology

@article{germain2011systems,
  title={Systems biology in immunology: a computational modeling perspective},
  author={Germain, Ronald N and Meier-Schellersheim, Martin and Nita-Lazar, Aleksandra and Fraser, Iain DC},
  journal={Annual Review of Immunology},
  volume={29},
  pages={527--585},
  year={2011},
  publisher={Annual Reviews}
} % computational modelling review in systems immunology

@article{smith2018validated,
  title={Validated models of immune response to virus infection},
  author={Smith, Amber M},
  journal={Current Opinion in Systems Biology},
  volume={12},
  pages={46--52},
  year={2018},
  publisher={Elsevier}
} % amber smith model review TCLM etc

@article{chakraborty2017perspective,
  title={A perspective on the role of computational models in immunology},
  author={Chakraborty, Arup K},
  journal={Annual Review of Immunology},
  volume={35},
  pages={403--439},
  year={2017},
  publisher={Annual Reviews}
} % relevant review on computational models in immunology.

@article{fatehi2019time,
  title={Time-delayed model of autoimmune dynamics},
  author={Fatehi, Farzad and Kyrychko, Yuliya N and Blyuss, Konstantin B},
  journal={Mathematical Biosciences and Engineering},
  volume={16},
  number={5},
  pages={5613--5639},
  year={2019}
} % DDE model

@incollection{jamaleddine2020immune,
  title={Immune-cell dynamics in type 1 diabetes},
  author={Jamaleddine, Hassan and Khadra, Anmar},
  booktitle={Diabetes Systems Biology: Quantitative methods for understanding beta-cell dynamics and function},
  pages={9--1},
  year={2020},
  publisher={IOP Publishing Bristol, UK}
} % book chapter

@article{frauwirth2002activation,
  title={Activation and inhibition of lymphocytes by costimulation},
  author={Frauwirth, Kenneth A and Thompson, Craig B and others},
  journal={The Journal of Clinical Investigation},
  volume={109},
  number={3},
  pages={295--299},
  year={2002},
  publisher={Am Soc Clin Investig}
} % costimulation

@article{curtsinger1999inflammatory,
  title={Inflammatory cytokines provide a third signal for activation of naive {CD4+} and {CD8+ T} cells},
  author={Curtsinger, Julie M and Schmidt, Clint S and Mondino, Anna and Lins, Debra C and Kedl, Ross M and Jenkins, Marc K and Mescher, Matthew F},
  journal={The Journal of Immunology},
  volume={162},
  number={6},
  pages={3256--3262},
  year={1999},
  publisher={American Association of Immunologists}
} % cosignal 3

@article{blum2013pathways,
  title={Pathways of antigen processing},
  author={Blum, Janice S and Wearsch, Pamela A and Cresswell, Peter},
  journal={Annual Review of Immunology},
  volume={31},
  pages={443--473},
  year={2013},
  publisher={Annual Reviews}
} % self-explanatory title.

@article{del1991purified,
  title={Purified protein derivative of {M}ycobacterium tuberculosis and excretory-secretory antigen (s) of {T}oxocara canis expand in vitro human {T} cells with stable and opposite (type 1 {T} helper or type 2 {T} helper) profile of cytokine production.},
  author={Del Prete, Gianfranco F and De Carli, Marco and Mastromauro, Cataldo and Biagiotti, Roberta and Macchia, Donatella and Falagiani, Paolo and Ricci, Mario and Romagnani, Sergio and others},
  journal={The Journal of Clinical Investigation},
  volume={88},
  number={1},
  pages={346--350},
  year={1991},
  publisher={Am Soc Clin Investig}
} % establishing that th1 = intracellular, th2 = extracellular

@article{ditoro2021emerging,
  title={Emerging Complexity in {CD4+ T} lineage programming and its implications in colorectal cancer},
  author={DiToro, Daniel and Basu, Rajatava},
  journal={Frontiers in Immunology},
  volume={12},
  pages={694833},
  year={2021},
  publisher={Frontiers Media SA}
} % just a review on T cell subsets

@article{crotty2015brief,
  title={A brief history of {T cell help to B cells}},
  author={Crotty, Shane},
  journal={Nature Reviews Immunology},
  volume={15},
  number={3},
  pages={185--189},
  year={2015},
  publisher={Nature Publishing Group UK London}
} % Tfh review on mechanisms of help

@article{mittrucker2014heterogeneity,
  title={Heterogeneity in the differentiation and function of {CD8+ T} cells},
  author={Mittr{\"u}cker, Hans-Willi and Visekruna, Alexander and Huber, Magdalena},
  journal={Archivum immunologiae et therapiae experimentalis},
  volume={62},
  pages={449--458},
  year={2014},
  publisher={Springer}
} % CD8 T cell subsets

@article{janeway2002innate,
  title={Innate immune recognition},
  author={Janeway Jr, Charles A and Medzhitov, Ruslan},
  journal={Annual Review of Immunology},
  volume={20},
  number={1},
  pages={197--216},
  year={2002},
  publisher={Annual Reviews 4139 El Camino Way, PO Box 10139, Palo Alto, CA 94303-0139, USA}
} % innate immune recognition, TLRs

@article{mitchell1968immunological,
  title={Immunological activity of thymus and thoracic-duct lymphocytes},
  author={Mitchell, Graham F and Miller, Jacques FAP},
  journal={Proceedings of the National Academy of Sciences},
  volume={59},
  number={1},
  pages={296--303},
  year={1968},
  publisher={National Acad Sciences}
} % discovery of T cells

@article{miller1968cell,
  title={Cell to cell interaction in the immune response: {I.} {H}emolysin-forming cells in neonatally thymectomized mice reconstituted with thymus or thoracic duct lymphocytes},
  author={Miller, Jacques FAP and Mitchell, Graham F},
  journal={The Journal of Experimental Medicine},
  volume={128},
  number={4},
  pages={801--820},
  year={1968},
  publisher={Rockefeller University Press}
} % discovery of T cells

@article{mitchell1968cell,
  title={Cell to cell interaction in the immune response: {II}. {The} source of hemolysin-forming cells in irradiated mice given bone marrow and thymus or thoracic duct lymphocytes},
  author={Mitchell, Graham F and Miller, Jacques FAP},
  journal={The Journal of Experimental Medicine},
  volume={128},
  number={4},
  pages={821--837},
  year={1968},
  publisher={Rockefeller University Press}
} % discovery of T cells

@article{miller2011golden,
  title={The golden anniversary of the thymus},
  author={Miller, Jacques FAP},
  journal={Nature Reviews Immunology},
  volume={11},
  number={7},
  pages={489--495},
  year={2011},
  publisher={Nature Publishing Group UK London}
} % review on history of discovery of role of thymus/T cells

@article{martin2009dendritic,
  title={Dendritic cell migration to peripheral lymph nodes},
  author={Mart{\'\i}n-Fontecha, Alfonso and Lanzavecchia, Antonio and Sallusto, Federica},
  journal={Dendritic Cells},
  pages={31--49},
  year={2009},
  publisher={Springer}
} % DCs migrate to tissue draining lymph nodes

@article{trolle2016length,
  title={The length distribution of class {I--restricted T} cell epitopes is determined by both peptide supply and {MHC} allele--specific binding preference},
  author={Trolle, Thomas and McMurtrey, Curtis P and Sidney, John and Bardet, Wilfried and Osborn, Sean C and Kaever, Thomas and Sette, Alessandro and Hildebrand, William H and Nielsen, Morten and Peters, Bjoern},
  journal={The Journal of Immunology},
  volume={196},
  number={4},
  pages={1480--1487},
  year={2016},
  publisher={American Association of Immunologists}
} % number of amino acids in MHC I

@inproceedings{meydan2013prediction,
  title={Prediction of peptides binding to {MHC class I and II} alleles by temporal motif mining},
  author={Meydan, Cem and Otu, Hasan H and Sezerman, Osman U{\u{g}}ur},
  booktitle={BMC Bioinformatics},
  volume={14},
  pages={1--11},
  year={2013},
  organization={Springer}
} % review of MHC I/II binding peptides

@article{tian2022ctls,
  title={{CTLs}: {K}illers of intracellular bacteria},
  author={Tian, Li and Zhou, Wei and Wu, Xianwei and Hu, Zhuannan and Qiu, Lei and Zhang, Huiyong and Chen, Xue and Zhang, Shaoyan and Lu, Zhenhui},
  journal={Frontiers in Cellular and Infection Microbiology},
  pages={1627},
  year={2022},
  publisher={Frontiers}
} % CTLs for control of intracellular bacteria

@article{townsend1985cytotoxic,
  title={Cytotoxic {T} cells recognize fragments of the influenza nucleoprotein},
  author={Townsend, Alain RM and Gotch, Frances M and Davey, John},
  journal={Cell},
  volume={42},
  number={2},
  pages={457--467},
  year={1985},
  publisher={Cell Press}
} % discovery that CD8 T cells could respond to peptides from intracellular viral proteins

@article{blattman2002estimating,
  title={Estimating the precursor frequency of naive antigen-specific {CD8 T} cells},
  author={Blattman, Joseph N and Antia, Rustom and Sourdive, David JD and Wang, Xiaochi and Kaech, Susan M and Murali-Krishna, Kaja and Altman, John D and Ahmed, Rafi},
  journal={The Journal of Experimental Medicine},
  volume={195},
  number={5},
  pages={657--664},
  year={2002},
  publisher={Rockefeller University Press}
} % how much t cells proliferate!

@article{de1995towards,
  title={Towards a general function describing {T} cell proliferation},
  author={De Boer, Rob J and Perelson, Alan S},
  journal={Journal of Theoretical Biology},
  volume={175},
  number={4},
  pages={567--576},
  year={1995},
  publisher={Elsevier}
} % model of T cell proliferation derived from kinetic scheme

@article{tischer2019light,
  title={Light-based tuning of ligand half-life supports kinetic proofreading model of {T} cell signaling},
  author={Tischer, Doug K and Weiner, Orion David},
  journal={eLife},
  volume={8},
  pages={e42498},
  year={2019},
  publisher={eLife Sciences Publications, Ltd}
} % optogenetic proof of kinetic proofreading

@article{mayer2019regulation,
  title={Regulation of {T} cell expansion by antigen presentation dynamics},
  author={Mayer, Andreas and Zhang, Yaojun and Perelson, Alan S and Wingreen, Ned S},
  journal={Proceedings of the National Academy of Sciences},
  volume={116},
  number={13},
  pages={5914--5919},
  year={2019},
  publisher={National Acad Sciences}
} % model using T cell proliferation

@article{de1998target,
  title={Target cell limited and immune control models of {HIV} infection: a comparison},
  author={De Boer, Rob J and Perelson, Alan S},
  journal={Journal of Theoretical Biology},
  volume={190},
  number={3},
  pages={201--214},
  year={1998},
  publisher={Elsevier}
} % TCLM vs immune control in HIV

@article{walter2005cd8+,
  title={{CD8+ T cells} in autoimmunity},
  author={Walter, Ulrich and Santamaria, Pere},
  journal={Current Opinion in Immunology},
  volume={17},
  number={6},
  pages={624--631},
  year={2005},
  publisher={Elsevier}
} % review, CD8 T cells in autoimmunity

@article{liblau2002autoreactive,
  title={Autoreactive {CD8 T} cells in organ-specific autoimmunity: emerging targets for therapeutic intervention},
  author={Liblau, Roland S and Wong, F Susan and Mars, Lennart T and Santamaria, Pere},
  journal={Immunity},
  volume={17},
  number={1},
  pages={1--6},
  year={2002},
  publisher={Elsevier}
} % cd8 t cells in autoimmunity

@article{raskov2021cytotoxic,
  title={Cytotoxic {CD8+ T} cells in cancer and cancer immunotherapy},
  author={Raskov, Hans and Orhan, Adile and Christensen, Jan Pravsgaard and G{\"o}genur, Ismail},
  journal={British Journal of Cancer},
  volume={124},
  number={2},
  pages={359--367},
  year={2021},
  publisher={Nature Publishing Group UK London}
} % review, CD8 T cells in cancer

@article{masopust2007brief,
  title={A brief history of {CD8 T} cells},
  author={Masopust, David and Vezys, Vaiva and Wherry, E John and Ahmed, Rafi},
  journal={European Journal of Immunology},
  volume={37},
  number={S1},
  pages={S103--S110},
  year={2007},
  publisher={Wiley Online Library}
} % review on history of discovery of function of CD8 T cells

@article{raphael2015t,
  title={T cell subsets and their signature cytokines in autoimmune and inflammatory diseases},
  author={Raphael, Itay and Nalawade, Saisha and Eagar, Todd N and Forsthuber, Thomas G},
  journal={Cytokine},
  volume={74},
  number={1},
  pages={5--17},
  year={2015},
  publisher={Elsevier}
} % CD4 T cell subsets.

@article{victora2012germinal,
  title={Germinal centers},
  author={Victora, Gabriel D and Nussenzweig, Michel C},
  journal={Annual Review of Immunology},
  volume={30},
  pages={429--457},
  year={2012},
  publisher={Annual Reviews}
} % Germinal centers for Ab affinity maturation review (Tfh)

@article{crotty2014t,
  title={T follicular helper cell differentiation, function, and roles in disease},
  author={Crotty, Shane},
  journal={Immunity},
  volume={41},
  number={4},
  pages={529--542},
  year={2014},
  publisher={Elsevier}
} % Tfh differentiation and function

@book{keener1998mathematical,
  title={Mathematical Physiology},
  author={Keener, James P and Sneyd, James},
  year={1998},
  publisher={Springer}
} % mathematical physiology, overview book

@article{li2015foxp3+,
  title={FOXP3+ regulatory {T} cells and their functional regulation},
  author={Li, Zhiyuan and Li, Dan and Tsun, Andy and Li, Bin},
  journal={Cellular \& Molecular Immunology},
  volume={12},
  number={5},
  pages={558--565},
  year={2015},
  publisher={Nature Publishing Group}
} % review of FoxP3 Treg function, role in cancer

@article{malhotra2016tolerance,
  title={Tolerance is established in polyclonal {CD4+ T} cells by distinct mechanisms, according to self-peptide expression patterns},
  author={Malhotra, Deepali and Linehan, Jonathan L and Dileepan, Thamotharampillai and Lee, You Jeong and Purtha, Whitney E and Lu, Jennifer V and Nelson, Ryan W and Fife, Brian T and Orr, Harry T and Anderson, Mark S and others},
  journal={Nature Immunology},
  volume={17},
  number={2},
  pages={187--195},
  year={2016},
  publisher={Nature Publishing Group US New York}
} % choice between Treg vs clonal deletion

@article{tanaka2010graded,
  title={Graded attenuation of {TCR} signaling elicits distinct autoimmune diseases by altering thymic {T} cell selection and regulatory {T} cell function},
  author={Tanaka, Satoshi and Maeda, Shinji and Hashimoto, Motomu and Fujimori, Chihiro and Ito, Yoshinaga and Teradaira, Shin and Hirota, Keiji and Yoshitomi, Hiroyuki and Katakai, Tomoya and Shimizu, Akira and others},
  journal={The Journal of Immunology},
  volume={185},
  number={4},
  pages={2295--2305},
  year={2010},
  publisher={American Association of Immunologists}
} % Tregs are high affinity

@article{killebrew2011self,
  title={A self-reactive {TCR} drives the development of {Foxp3+} regulatory {T} cells that prevent autoimmune disease},
  author={Killebrew, Justin R and Perdue, Nikole and Kwan, Alan and Thornton, Angela M and Shevach, Ethan M and Campbell, Daniel J},
  journal={The Journal of Immunology},
  volume={187},
  number={2},
  pages={861--869},
  year={2011},
  publisher={American Association of Immunologists}
} % T regs high affinity for self-pMHC

@article{buckner2010mechanisms,
  title={Mechanisms of impaired regulation by {CD4}+ {CD25}+ {FOXP3}+ regulatory {T} cells in human autoimmune diseases},
  author={Buckner, Jane Hoyt},
  journal={Nature Reviews Immunology},
  volume={10},
  number={12},
  pages={849--859},
  year={2010},
  publisher={Nature Publishing Group}
} % review of Foxp3 dyregulation in many autoimmune disorders.

@article{bennett2001immune,
  title={The immune dysregulation, polyendocrinopathy, enteropathy, {X}-linked syndrome ({IPEX}) is caused by mutations of {FOXP3}},
  author={Bennett, Craig L and Christie, Jacinda and Ramsdell, Fred and Brunkow, Mary E and Ferguson, Polly J and Whitesell, Luke and Kelly, Thaddeus E and Saulsbury, Frank T and Chance, Phillip F and Ochs, Hans D},
  journal={Nature Genetics},
  volume={27},
  number={1},
  pages={20--21},
  year={2001},
  publisher={Nature Publishing Group}
} % discovery that FOXP3 mutation leads to autoimmune disorder IPEX

@article{elettreby2020simple,
  title={A simple mathematical model for relapsing-remitting multiple sclerosis (RRMS)},
  author={Elettreby, MF and Ahmed, E},
  journal={Medical Hypotheses},
  volume={135},
  pages={109478},
  year={2020},
  publisher={Elsevier}
} % a simple, 3D ODE model of relapse-remitting MS.

@article{pernice2019computational,
  title={A computational approach based on the {Colored Petri Net} formalism for studying Multiple Sclerosis},
  author={Pernice, Simone and Pennisi, Marzio and Romano, Greta and Maglione, Alessandro and Cutrupi, Santina and Pappalardo, Francesco and Balbo, Gianfranco and Beccuti, Marco and Cordero, Francesca and Calogero, Raffaele A},
  journal={BMC Bioinformatics},
  volume={20},
  number={6},
  pages={1--17},
  year={2019},
  publisher={BioMed Central}
} % a high-dimensional ODE model of MS with effector {T} cells, regulatory {T} cells, EBV (virus), cytokines, etc

@article{lorenzi2015mathematical,
  title={Mathematical model reveals how regulating the three phases of {T}-cell response could counteract immune evasion},
  author={Lorenzi, Tommaso and Chisholm, Rebecca H and Melensi, Matteo and Lorz, Alexander and Delitala, Marcello},
  journal={Immunology},
  volume={146},
  number={2},
  pages={271--280},
  year={2015},
  publisher={Wiley Online Library}
} % 2D ODE model of (general) immune response, including targe{T} cells and immune cells.

@article{delitala2013mathematical,
  title={A mathematical model for immune and autoimmune response mediated by {T}-cells},
  author={Delitala, Marcello and Dianzani, Umberto and Lorenzi, Tommaso and Melensi, Matteo},
  journal={Computers \& Mathematics with Applications},
  volume={66},
  number={6},
  pages={1010--1023},
  year={2013},
  publisher={Elsevier}
} % an integro-differential equation model for immune/autoimmune response.

@article{alexander2011self,
  title={Self-tolerance and autoimmunity in a regulatory {T} cell model},
  author={Alexander, HK and Wahl, LM},
  journal={Bulletin of Mathematical Biology},
  volume={73},
  number={1},
  pages={33--71},
  year={2011},
  publisher={Springer}
} % ODE model of autoimmunity including APCs, Teffs and Tregs and their interplay -- Tregs don't alter stability but level of autoimmunity (could be subthreshold)

@article{moise2019rheumatoid,
  title={Rheumatoid arthritis-a mathematical model},
  author={Moise, Nicolae and Friedman, Avner},
  journal={Journal of Theoretical Biology},
  volume={461},
  pages={17--33},
  year={2019},
  publisher={Elsevier}
} % a PDE model (space and time) about rheumatoid arthritis

@article{baker2013mathematical,
  title={Mathematical modelling of cytokine-mediated inflammation in rheumatoid arthritis},
  author={Baker, Michelle and Denman-Johnson, Sarah and Brook, Bindi S and Gaywood, Ian and Owen, Markus R},
  journal={Mathematical Medicine and Biology},
  volume={30},
  number={4},
  pages={311--337},
  year={2013},
  publisher={OUP}
} % ODE model of cytokines (pro-inflammatory, anti-inflammatory) in rheumatoid arthritis

@article{arellano2016regulatory,
  title={Regulatory {T} cell-based therapies for autoimmunity},
  author={Arellano, Benjamine and Graber, David J and Sentman, Charles L},
  journal={Discovery Medicine},
  volume={22},
  number={119},
  pages={73},
  year={2016},
  publisher={NIH Public Access}
} % review of the advances in immunotherapy experiments for Tregs and autoimmunity.

@article{rock2016present,
  title={Present yourself! {By MHC class I and MHC class II molecules}},
  author={Rock, Kenneth L and Reits, Eric and Neefjes, Jacques},
  journal={Trends in Immunology},
  volume={37},
  number={11},
  pages={724--737},
  year={2016},
  publisher={Elsevier}
} % mhc i vs mhc ii expression

@article{van2011expression,
  title={Expression regulation of major histocompatibility complex {class I and class II} encoding genes},
  author={Van Den Elsen, Peter J},
  journal={Frontiers in Immunology},
  volume={2},
  pages={48},
  year={2011},
  publisher={Frontiers Research Foundation}
} % all nucleated cells express mhc i

@article{hewitt2003mhc,
  title={The {MHC class I antigen} presentation pathway: strategies for viral immune evasion},
  author={Hewitt, Eric W},
  journal={Immunology},
  volume={110},
  number={2},
  pages={163--169},
  year={2003},
  publisher={Wiley Online Library}
} % all nucleated cells express mhc i (review), also viral  immune evasion.

@article{colten1984expression,
  title={Expression of the {MHC} class {III} genes},
  author={Colten, Harvey R},
  journal={Philosophical Transactions of the Royal Society of London. B, Biological Sciences},
  volume={306},
  number={1129},
  pages={355--366},
  year={1984},
  publisher={The Royal Society London}
} % MHC III

@article{gruen2001human,
  title={Human {MHC class III and IV} genes and disease associations},
  author={Gruen, Jeffrey R and Weissman, Sherman M},
  journal={Frontiers in Bioscience-Landmark},
  volume={6},
  pages={D960--972},
  year={2001}
} % MHC III

@article{takeda1996mhc,
  title={{MHC class II molecules are not required for survival of newly generated CD4+ T cells, but affect their long-term life span}},
  author={Takeda, Shunichi and Rodewald, Hans-Reimer and Arakawa, Hiroshi and Bluethmann, Horst and Shimizu, Takeyuki},
  journal={Immunity},
  volume={5},
  number={3},
  pages={217--228},
  year={1996},
  publisher={Elsevier}
} % mhc ii required for long term cd4 t cell survival

@article{brocker1997survival,
  title={Survival of mature {CD4 T} lymphocytes is dependent on major histocompatibility complex class {II}--expressing dendritic cells},
  author={Brocker, Thomas},
  journal={The Journal of Experimental Medicine},
  volume={186},
  number={8},
  pages={1223--1232},
  year={1997},
  publisher={The Rockefeller University Press}
} % mhc ii needed for cd4 t cell survival

@book{blatner2012spectrums,
  title={Spectrums: our mind-boggling universe from infinitesimal to infinity},
  author={Blatner, David},
  year={2012},
  publisher={Bloomsbury Publishing USA}
} % number of grains of sand

@article{kirberg1997peripheral,
  title={Peripheral {T} cell survival requires continual ligation of the {T} cell receptor to major histocompatibility complex--encoded molecules},
  author={Kirberg, J{\"o}rg and Berns, Anton and Boehmer, Harald von},
  journal={The Journal of Experimental Medicine},
  volume={186},
  number={8},
  pages={1269--1275},
  year={1997},
  publisher={The Rockefeller University Press}
} % mhc ii required for cd4 t cell survival

@article{tanchot1997differential,
  title={Differential requirements for survival and proliferation of {CD8} naive or memory {T} cells},
  author={Tanchot, Corinne and Lemonnier, Fran{\c{c}}ois A and P{\'e}rarnau, Beatrice and Freitas, Antonio A and Rocha, Benedita},
  journal={Science},
  volume={276},
  number={5321},
  pages={2057--2062},
  year={1997},
  publisher={American Association for the Advancement of Science}
} % mhc i needed for cd8 t cell survival

@article{mckeithan1995kinetic,
  title={Kinetic proofreading in {T}-cell receptor signal transduction},
  author={McKeithan, Timothy W},
  journal={Proceedings of the National Academy of Sciences},
  volume={92},
  number={11},
  pages={5042--5046},
  year={1995},
  publisher={National Academy of Sciences}
} % kinetic proofreading model first applied to {T} cells for immune recognition

@article{vstefanova2003tcr,
  title={{TCR} ligand discrimination is enforced by competing {ERK} positive and {SHP-1} negative feedback pathways},
  author={{\v{S}}tefanov{\'a}, Irena and Hemmer, Bernhard and Vergelli, Marco and Martin, Roland and Biddison, William E and Germain, Ronald N},
  journal={Nature Immunology},
  volume={4},
  number={3},
  pages={248--254},
  year={2003},
  publisher={Nature Publishing Group US New York}
} % TCR signaling + and - feedback pathways

@article{altan2005modeling,
  title={Modeling {T} cell antigen discrimination based on feedback control of digital ERK responses},
  author={Altan-Bonnet, Gr{\'e}goire and Germain, Ronald N},
  journal={PLOS Biology},
  volume={3},
  number={11},
  pages={e356},
  year={2005},
  publisher={Public Library of Science San Francisco, USA}
} % Gregoire and Ron biochemically explicit KPR model

@article{dushek2014induced,
  title={An induced rebinding model of antigen discrimination},
  author={Dushek, Omer and Van der Merwe, P Anton},
  journal={Trends in Immunology},
  volume={35},
  number={4},
  pages={153--158},
  year={2014},
  publisher={Elsevier}
} % pMHC rebinding model

@article{feinerman2008quantitative,
  title={Quantitative challenges in understanding ligand discrimination by $\alpha$$\beta$ {T} cells},
  author={Feinerman, Ofer and Germain, Ronald N and Altan-Bonnet, Gr{\'e}goire},
  journal={Molecular Immunology},
  volume={45},
  number={3},
  pages={619},
  year={2008},
  publisher={NIH Public Access}
} % Gregoire and Ron review on KPR vs. allosteric ligand discrimination

@article{franccois2013phenotypic,
  title={Phenotypic model for early {T}-cell activation displaying sensitivity, specificity, and antagonism},
  author={Fran{\c{c}}ois, Paul and Voisinne, Guillaume and Siggia, Eric D and Altan-Bonnet, Gr{\'e}goire and Vergassola, Massimo},
  journal={Proceedings of the National Academy of Sciences},
  volume={110},
  number={10},
  pages={E888--E897},
  year={2013},
  publisher={National Acad Sciences}
} % Paul Francois simplified KPR model with negative feedback

@article{franccois2016case,
  title={The case for absolute ligand discrimination: modeling information processing and decision by immune {T} cells},
  author={Fran{\c{c}}ois, Paul and Altan-Bonnet, Gr{\'e}goire},
  journal={Journal of Statistical Physics},
  volume={162},
  pages={1130--1152},
  year={2016},
  publisher={Springer}
} % P.F. and G.A-B. review on TCR ligand discrimination

@article{ganti2020t,
  title={How the {T} cell signaling network processes information to discriminate between self and agonist ligands},
  author={Ganti, Raman S and Lo, Wan-Lin and McAffee, Darren B and Groves, Jay T and Weiss, Arthur and Chakraborty, Arup K},
  journal={Proceedings of the National Academy of Sciences},
  volume={117},
  number={42},
  pages={26020--26030},
  year={2020},
  publisher={National Acad Sciences}
} % information theory KPR

@article{hwang2020recent,
  title={Recent insights of {T} cell receptor-mediated signaling pathways for {T} cell activation and development},
  author={Hwang, Jeong-Ryul and Byeon, Yeongseon and Kim, Donghwan and Park, Sung-Gyoo},
  journal={Experimental \& Molecular Medicine},
  volume={52},
  number={5},
  pages={750--761},
  year={2020},
  publisher={Nature Publishing Group UK London}
} % review 1 on TCR signalling

@article{shah2021t,
  title={{T} cell receptor ({TCR}) signaling in health and disease},
  author={Shah, Kinjal and Al-Haidari, Amr and Sun, Jianmin and Kazi, Julhash U},
  journal={Signal Transduction and Targeted Therapy},
  volume={6},
  number={1},
  pages={412},
  year={2021},
  publisher={Nature Publishing Group UK London}
} % review 2 on TCR signalling

@article{love2010itam,
  title={{ITAM-mediated signaling by the T-cell antigen receptor}},
  author={Love, Paul E and Hayes, Sandra M},
  journal={Cold Spring Harbor Perspectives in Biology},
  volume={2},
  number={6},
  pages={a002485},
  year={2010},
  publisher={Cold Spring Harbor Lab}
} % ITAM phosphorylation

@article{huang2013single,
  title={A single peptide-major histocompatibility complex ligand triggers digital cytokine secretion in {CD4}+ {T} cells},
  author={Huang, Jun and Brameshuber, Mario and Zeng, Xun and Xie, Jianming and Li, Qi-jing and Chien, Yueh-hsiu and Valitutti, Salvatore and Davis, Mark M},
  journal={Immunity},
  volume={39},
  number={5},
  pages={846--857},
  year={2013},
  publisher={Elsevier}
} % one single pMHC leads to measurable {T} cell response

@article{irvine2002direct,
  title={Direct observation of ligand recognition by {T} cells},
  author={Irvine, Darrell J and Purbhoo, Marco A and Krogsgaard, Michelle and Davis, Mark M},
  journal={Nature},
  volume={419},
  number={6909},
  pages={845--849},
  year={2002},
  publisher={Nature Publishing Group UK London}
} % 10 or as few as 1 pMHC can induce {T} cell response

@article{giwa2020current,
  title={Current understandings of the pathogenesis of type 1 diabetes: genetics to environment},
  author={Giwa, Adebola Matthew and Ahmed, Rizwan and Omidian, Zahra and Majety, Neha and Karakus, Kagan Ege and Omer, Sarah M and Donner, Thomas and Hamad, Abdel Rahim A},
  journal={World Journal of Diabetes},
  volume={11},
  number={1},
  pages={13},
  year={2020},
  publisher={Baishideng Publishing Group Inc}
} % T1D review

@article{weyand2020immunometabolism,
  title={Immunometabolism in the development of rheumatoid arthritis},
  author={Weyand, Cornelia M and Goronzy, J{\"o}rg J},
  journal={Immunological Reviews},
  volume={294},
  number={1},
  pages={177--187},
  year={2020},
  publisher={Wiley Online Library}
} % rheumatoid arthritis review

@article{liu2022autoreactive,
  title={Autoreactive lymphocytes in multiple sclerosis: Pathogenesis and treatment target},
  author={Liu, Rongzeng and Du, Shushu and Zhao, Lili and Jain, Sahil and Sahay, Kritika and Rizvanov, Albert and Lezhnyova, Vera and Khaibullin, Timur and Martynova, Ekaterina and Khaiboullina, Svetlana and Baranwal, Manoj},
  journal={Frontiers in Immunology},
  pages={5684},
  year={2022},
  publisher={Frontiers}
} % MS review

@article{chistiakov2005immunogenetics,
  title={Immunogenetics of {Hashimoto's} thyroiditis},
  author={Chistiakov, Dimitry A},
  journal={Journal of Autoimmune Diseases},
  volume={2},
  number={1},
  pages={1--21},
  year={2005},
  publisher={BioMed Central}
} % Hashimoto's disease review

@article{sharabi2020t,
  title={T cell metabolism: new insights in systemic lupus erythematosus pathogenesis and therapy},
  author={Sharabi, Amir and Tsokos, George C},
  journal={Nature Reviews Rheumatology},
  volume={16},
  number={2},
  pages={100--112},
  year={2020},
  publisher={Nature Publishing Group UK London}
} % SLE review

@article{sirbe2021pathogenesis,
  title={Pathogenesis of autoimmune hepatitis — Cellular and molecular mechanisms},
  author={Sirbe, Claudia and Simu, Gelu and Szabo, Iulia and Grama, Alina and Pop, Tudor Lucian},
  journal={International Journal of Molecular Sciences},
  volume={22},
  number={24},
  pages={13578},
  year={2021},
  publisher={MDPI}
} % AIH review

@article{imam2018effector,
  title={Effector {T} helper cell subsets in inflammatory bowel diseases},
  author={Imam, Tanbeena and Park, Sungtae and Kaplan, Mark H and Olson, Matthew R},
  journal={Frontiers in Immunology},
  volume={9},
  pages={1212},
  year={2018},
  publisher={Frontiers Media SA}
} % IBD review

@article{takahama2006journey,
  title={Journey through the thymus: stromal guides for {T}-cell development and selection},
  author={Takahama, Yousuke},
  journal={Nature Reviews Immunology},
  volume={6},
  number={2},
  pages={127--135},
  year={2006},
  publisher={Nature Publishing Group UK London}
} % migration through thymus, T cell development review

@article{love2011signal,
  title={Signal integration and crosstalk during thymocyte migration and emigration},
  author={Love, Paul E and Bhandoola, Avinash},
  journal={Nature Reviews Immunology},
  volume={11},
  number={7},
  pages={469--477},
  year={2011},
  publisher={Nature Publishing Group UK London}
} % migration through thymus, T cell development review

@article{kyewski2006central,
  title={A central role for central tolerance},
  author={Kyewski, Bruno and Klein, Ludger},
  journal={Annual Review of Immunology},
  volume={24},
  pages={571--606},
  year={2006},
  publisher={Annual Reviews}
} % review on mTECs

@article{derbinski2005promiscuous,
  title={Promiscuous gene expression in thymic epithelial cells is regulated at multiple levels},
  author={Derbinski, Jens and G\"{a}bler, Jana and Brors, Benedikt and Tierling, Sascha and Jonnakuty, Sunitha and Hergenhahn, Manfred and Peltonen, Leena and Walter, J\"{o}rn and Kyewski, Bruno},
  journal={The Journal of Experimental Medicine},
  volume={202},
  number={1},
  pages={33--45},
  year={2005},
  publisher={Rockefeller University Press}
} % establishing that Aire largely but not exclusively mediates the expression of TRAs.

@article{kondo2019thymus,
  title={Thymus machinery for {T}-cell selection},
  author={Kondo, Kenta and Ohigashi, Izumi and Takahama, Yousuke},
  journal={International Immunology},
  volume={31},
  number={3},
  pages={119--125},
  year={2019},
  publisher={Oxford University Press UK}
} % review on T cell selection

@article{hsieh2004recognition,
  title={Recognition of the peripheral self by naturally arising {CD25+ CD4+} {T} cell receptors},
  author={Hsieh, Chyi-Song and Liang, Yuqiong and Tyznik, Aaron J and Self, Steven G and Liggitt, Denny and Rudensky, Alexander Y},
  journal={Immunity},
  volume={21},
  number={2},
  pages={267--277},
  year={2004},
  publisher={Elsevier}
} %  sequencing finding little overlap between Treg and conv T cells, also showing that Tregs interact more strongly iwth self pMHCII

@article{wong2007adaptation,
  title={Adaptation of {TCR} repertoires to self-peptides in regulatory and nonregulatory {CD4+ T} cells},
  author={Wong, Jamie and Obst, Reinhard and Correia-Neves, Margarida and Losyev, Grigoriy and Mathis, Diane and Benoist, Christophe},
  journal={The Journal of Immunology},
  volume={178},
  number={11},
  pages={7032--7041},
  year={2007},
  publisher={American Association of Immunologists}
} % TCR sequences of Tregs vs conventional T cells distinct yet have some overlap

@article{savage2020regulatory,
  title={Regulatory {T} cell development},
  author={Savage, Peter A and Klawon, David EJ and Miller, Christine H},
  journal={Annual Review of Immunology},
  volume={38},
  pages={421--453},
  year={2020},
  publisher={Annual Reviews}
} % Treg development review

@article{bouneaud2000impact,
  title={Impact of negative selection on the {T} cell repertoire reactive to a self-peptide: a large fraction of {T} cell clones escapes clonal deletion},
  author={Bouneaud, C{\'e}cile and Kourilsky, Philippe and Bousso, Philippe},
  journal={Immunity},
  volume={13},
  number={6},
  pages={829--840},
  year={2000},
  publisher={Elsevier}
} % T cell negative selection in thymus is incomplete.

@article{schietinger2014tolerance,
  title={Tolerance and exhaustion: defining mechanisms of {T} cell dysfunction},
  author={Schietinger, Andrea and Greenberg, Philip D},
  journal={Trends in Immunology},
  volume={35},
  number={2},
  pages={51--60},
  year={2014},
  publisher={Elsevier}
} % review, exhaustion as a mechanism of tolerance

@article{nutsch2012t,
  title={T cell tolerance and immunity to commensal bacteria},
  author={Nutsch, Katherine M and Hsieh, Chyi-Song},
  journal={Current Opinion in Immunology},
  volume={24},
  number={4},
  pages={385--391},
  year={2012},
  publisher={Elsevier}
} % review, tolerance to microbes

@article{eltanbouly2021rethinking,
  title={Rethinking peripheral {T} cell tolerance: checkpoints across a {T} cell’s journey},
  author={ElTanbouly, Mohamed A and Noelle, Randolph J},
  journal={Nature Reviews Immunology},
  volume={21},
  number={4},
  pages={257--267},
  year={2021},
  publisher={Nature Publishing Group UK London}
} % Review on T cell intrinsic mechanisms of peripheral tolerance: quiescence, ignorance, anergy, exhaustion, senescence, death

@article{salaman2020breakdown,
  title={Breakdown of {T}-cell ignorance: The tolerance failure responsible for mainstream autoimmune diseases?},
  author={Salaman, Myer R and Gould, Keith G},
  journal={Journal of Translational Autoimmunity},
  volume={3},
  pages={100070},
  year={2020},
  publisher={Elsevier}
} % review on T cell ignorance

@article{chapman2020metabolic,
  title={Metabolic coordination of {T} cell quiescence and activation},
  author={Chapman, Nicole M and Boothby, Mark R and Chi, Hongbo},
  journal={Nature Reviews Immunology},
  volume={20},
  number={1},
  pages={55--70},
  year={2020},
  publisher={Nature Publishing Group UK London}
} % T cell quiescence review

@article{gallegos2006central,
  title={Central tolerance: good but imperfect},
  author={Gallegos, Alena M and Bevan, Michael J},
  journal={Immunological Reviews},
  volume={209},
  number={1},
  pages={290--296},
  year={2006},
  publisher={Wiley Online Library}
} % Review on T cell central tolerance, incomplete in neonatal repertoire

@article{zehn2006t,
  title={T cells with low avidity for a tissue-restricted antigen routinely evade central and peripheral tolerance and cause autoimmunity},
  author={Zehn, Dietmar and Bevan, Michael J},
  journal={Immunity},
  volume={25},
  number={2},
  pages={261--270},
  year={2006},
  publisher={Elsevier}
} % Low-avidity T cells escape central AND peripheral tolerance and can cause autoimmunity

@article{sandberg2000t,
  title={T cell tolerance based on avidity thresholds rather than complete deletion allows maintenance of maximal repertoire diversity},
  author={Sandberg, Johan K and Franksson, Lars and Sundb\"{a}ck, Jonas and Michaelsson, Jakob and Petersson, Max and Achour, Adnane and Wallin, Robert and Sherman, Nicholas E and Bergman, Tomas and J\"{o}rnvall, Hans and others},
  journal={The Journal of Immunology},
  volume={165},
  number={1},
  pages={25--33},
  year={2000},
  publisher={American Association of Immunologists}
} % t cells that escape central tolerance have low avidity.

@article{kurts1999cd8,
  title={{CD8 T} cell ignorance or tolerance to islet antigens depends on antigen dose},
  author={Kurts, Christian and Sutherland, Robyn M and Davey, Gayle and Li, Ming and Lew, Andrew M and Blanas, Effrossini and Carbone, Francis R and Miller, Jacques FAP and Heath, William R},
  journal={Proceedings of the National Academy of Sciences},
  volume={96},
  number={22},
  pages={12703--12707},
  year={1999},
  publisher={National Acad Sciences}
} % low antigen dose = CD8 T cell ignorance

@article{arstila1999direct,
  title={A direct estimate of the human $\alpha$$\beta$ {T} cell receptor diversity},
  author={Arstila, T Petteri and Casrouge, Armanda and Baron, V{\'e}ronique and Even, Jos and Kanellopoulos, Jean and Kourilsky, Philippe},
  journal={Science},
  volume={286},
  number={5441},
  pages={958--961},
  year={1999},
  publisher={American Association for the Advancement of Science}
} % original estimate of TCR diversity, lower limit of 25 million unique TCR clonotypes.

@article{lythe2016many,
  title={How many {TCR} clonotypes does a body maintain?},
  author={Lythe, Grant and Callard, Robin E and Hoare, Rollo L and Molina-Par{\'\i}s, Carmen},
  journal={Journal of Theoretical Biology},
  volume={389},
  pages={214--224},
  year={2016},
  publisher={Elsevier}
} % estimating TCR diversity

@article{jenkins2009composition,
  title={On the composition of the preimmune repertoire of {T} cells specific for peptide--major histocompatibility complex ligands},
  author={Jenkins, Marc K and Chu, H Hamlet and McLachlan, James B and Moon, James J},
  journal={Annual Review of Immunology},
  volume={28},
  pages={275--294},
  year={2009},
  publisher={Annual Reviews}
} % number of T cells in humans ~4e11

@article{mora2019many,
  title={How many different clonotypes do immune repertoires contain?},
  author={Mora, Thierry and Walczak, Aleksandra M},
  journal={Current Opinion in Systems Biology},
  volume={18},
  pages={104--110},
  year={2019},
  publisher={Elsevier}
} % review, difficulties in estimating TCR diversity, stochastic modelling.

@article{desponds2016fluctuating,
  title={Fluctuating fitness shapes the clone-size distribution of immune repertoires},
  author={Desponds, Jonathan and Mora, Thierry and Walczak, Aleksandra M},
  journal={Proceedings of the National Academy of Sciences},
  volume={113},
  number={2},
  pages={274--279},
  year={2016},
  publisher={National Acad Sciences}
} % stochastic model for T cell clonotype distribution

@article{salzberg2018open,
  title={Open questions: {How} many genes do we have?},
  author={Salzberg, Steven L},
  journal={BMC Biology},
  volume={16},
  number={1},
  pages={1--3},
  year={2018},
  publisher={BioMed Central}
} % about 20,000 protein coding genes

@article{piovesan2019human,
  title={Human protein-coding genes and gene feature statistics in 2019},
  author={Piovesan, Allison and Antonaros, Francesca and Vitale, Lorenza and Strippoli, Pierluigi and Pelleri, Maria Chiara and Caracausi, Maria},
  journal={BMC Research Notes},
  volume={12},
  number={1},
  pages={1--5},
  year={2019},
  publisher={BioMed Central}
} % about 20,000 protein coding genes

@article{vantourout2013six,
  title={Six-of-the-best: unique contributions of $\gamma$$\delta$ {T} cells to immunology},
  author={Vantourout, Pierre and Hayday, Adrian},
  journal={Nature Reviews Immunology},
  volume={13},
  number={2},
  pages={88--100},
  year={2013},
  publisher={Nature Publishing Group UK London}
} % gamma-delta T cells, review

@article{lanier1988structural,
  title={Structural and serological heterogeneity of $\gamma$/$\delta$ {T} cell antigen receptor expression in thymus and peripherar blood},
  author={Lanier, Lewis L and Ruitenberg, Joyce and Bolhuls, Reinder LH and Borst, Jannie and Phillis, Joseph H and Testi, Roberto},
  journal={European Journal of Immunology},
  volume={18},
  number={12},
  pages={1985--1992},
  year={1988},
  publisher={Wiley Online Library}
} % original study showing low frequency of gdT cells

@article{groh1989human,
  title={Human lymphocytes bearing {T} cell receptor gamma/delta are phenotypically diverse and evenly distributed throughout the lymphoid system.},
  author={Groh, Veronika and Porcelli, Steve and Fabbi, M and Lanier, Lewis L and Picker, Louis J and Anderson, Terri and Warnke, Roger A and Bhan, Atul K and Strominger, Jack L and Brenner, Michael B},
  journal={The Journal of Experimental Medicine},
  volume={169},
  number={4},
  pages={1277--1294},
  year={1989}
} % another study on low frequency of gdT cells

@article{pistoia2018human,
  title={Human $\gamma$$\delta$ {T}-cells: from surface receptors to the therapy of high-risk leukemias},
  author={Pistoia, Vito and Tumino, Nicola and Vacca, Paola and Veneziani, Irene and Moretta, Alessandro and Locatelli, Franco and Moretta, Lorenzo},
  journal={Frontiers in Immunology},
  volume={9},
  pages={984},
  year={2018},
  publisher={Frontiers Media SA}
} % just for frequency of gdT cells, 1-5%. Uncited..

@article{qu2022comparing,
  title={Comparing mouse and human tissue-resident $\gamma$$\delta$ {T} cells},
  author={Qu, Guanyu and Wang, Shengli and Zhou, Zhenlong and Jiang, Dawei and Liao, Aihua and Luo, Jing},
  journal={Frontiers in Immunology},
  volume={13},
  pages={891687},
  year={2022},
  publisher={Frontiers}
} % again just for frequency, 1-5%

@article{mickelsen1999modulation,
  title={Modulation of terminal deoxynucleotidyltransferase activity by the {DNA}-dependent protein kinase},
  author={Mickelsen, Scott and Snyder, Carolyn and Trujillo, Kelly and Bogue, Molly and Roth, David B and Meek, Katheryn},
  journal={The Journal of Immunology},
  volume={163},
  number={2},
  pages={834--843},
  year={1999},
  publisher={American Association of Immunologists}
} % TdT, 2-5 N-additions

@article{robins2009comprehensive,
  title={Comprehensive assessment of {T}-cell receptor $\beta$-chain diversity in $\alpha$$\beta$ {T} cells},
  author={Robins, Harlan S and Campregher, Paulo V and Srivastava, Santosh K and Wacher, Abigail and Turtle, Cameron J and Kahsai, Orsalem and Riddell, Stanley R and Warren, Edus H and Carlson, Christopher S},
  journal={Blood},
  volume={114},
  number={19},
  pages={4099--4107},
  year={2009},
  publisher={American Society of Hematology Washington, DC}
} % 10^7 unique TCR clonotypes by TCRb sequencing

@article{qi2014diversity,
  title={Diversity and clonal selection in the human {T}-cell repertoire},
  author={Qi, Qian and Liu, Yi and Cheng, Yong and Glanville, Jacob and Zhang, David and Lee, Ji-Yeun and Olshen, Richard A and Weyand, Cornelia M and Boyd, Scott D and Goronzy, J{\"o}rg J},
  journal={Proceedings of the National Academy of Sciences},
  volume={111},
  number={36},
  pages={13139--13144},
  year={2014},
  publisher={National Acad Sciences}
} % 10^8 unique TCR clonotypes

@article{de2020naive,
  title={The naive {T}-cell receptor repertoire has an extremely broad distribution of clone sizes},
  author={de Greef, Peter C and Oakes, Theres and Gerritsen, Bram and Ismail, Mazlina and Heather, James M and Hermsen, Rutger and Chain, Benjamin and de Boer, Rob J},
  journal={eLife},
  volume={9},
  pages={e49900},
  year={2020},
  publisher={eLife Sciences Publications, Ltd}
} % model, markov, distribution of clone sizes in TCR repertoire

@article{labrecque2001much,
  title={How much {TCR} does a {T} cell need?},
  author={Labrecque, Nathalie and Whitfield, Liam Simon and Obst, Reinhard and Waltzinger, Caroline and Benoist, Christophe and Mathis, Diane},
  journal={Immunity},
  volume={15},
  number={1},
  pages={71--82},
  year={2001},
  publisher={Elsevier}
} % number of TCRs needed for T cell function in presence of tonic self-signals, roughly 20e3 TCRs on untreated T cells

@article{mason1998very,
  title={A very high level of crossreactivity is an essential feature of the {T}-cell receptor},
  author={Mason, Don},
  journal={Immunology Today},
  volume={19},
  number={9},
  pages={395--404},
  year={1998},
  publisher={Elsevier}
} % High level of cross-reactivity needed for T cells to respond to ~20^9 potential antigens

@article{robins2010overlap,
  title={Overlap and effective size of the human {CD8+} {T} cell receptor repertoire},
  author={Robins, Harlan S and Srivastava, Santosh K and Campregher, Paulo V and Turtle, Cameron J and Andriesen, Jessica and Riddell, Stanley R and Carlson, Christopher S and Warren, Edus H},
  journal={Science Translational Medicine},
  volume={2},
  number={47},
  pages={47ra64--47ra64},
  year={2010},
  publisher={American Association for the Advancement of Science}
} % VDJ recombination not TOTALLY random, preferential association between different segments observed

@article{castaneda2021multifaceted,
  title={The multifaceted roles of {B} cells in the thymus: from immune tolerance to autoimmunity},
  author={Casta{\~n}eda, Justine and Hidalgo, Yessia and Sauma, Daniela and Rosemblatt, Mario and Bono, Mar{\'\i}a Rosa and N{\'u}{\~n}ez, Sarah},
  journal={Frontiers in Immunology},
  volume={12},
  pages={766698},
  year={2021},
  publisher={Frontiers}
} % B cells in central tolerance

@article{besnard2021aire,
  title={{AIRE} deficiency, from preclinical models to human {APECED} disease},
  author={Besnard, Marine and Padonou, Francine and Provin, Nathan and Giraud, Matthieu and Guillonneau, Carole},
  journal={Disease Models \& Mechanisms},
  volume={14},
  number={2},
  pages={dmm046359},
  year={2021},
  publisher={The Company of Biologists Ltd}
} % AIRE deficiency, autoimmunity

@article{anderson2005cellular,
  title={The cellular mechanism of {Aire} control of {T} cell tolerance},
  author={Anderson, Mark S and Venanzi, Emily S and Chen, Zhibin and Berzins, Stuart P and Benoist, Christophe and Mathis, Diane},
  journal={Immunity},
  volume={23},
  number={2},
  pages={227--239},
  year={2005},
  publisher={Elsevier}
} % AIRE, negative selection

@article{betterle1998autoimmune,
  title={Autoimmune polyglandular syndrome type 1},
  author={Betterle, Corrado and Greggio, Nella A and Volpato, Marina},
  journal={The Journal of Clinical Endocrinology \& Metabolism},
  volume={83},
  number={4},
  pages={1049--1055},
  year={1998},
  publisher={Oxford University Press}
} % AIRE early onset symptoms childhood clinical paper.

@article{yates2014theories,
  title={Theories and quantification of thymic selection},
  author={Yates, Andrew J},
  journal={Frontiers in Immunology},
  volume={5},
  pages={13},
  year={2014},
  publisher={Frontiers Media SA}
} % positive and negative selection, review (quantitative models)

@article{klein2014positive,
  title={Positive and negative selection of the {T} cell repertoire: what thymocytes see (and don't see)},
  author={Klein, Ludger and Kyewski, Bruno and Allen, Paul M and Hogquist, Kristin A},
  journal={Nature Reviews Immunology},
  volume={14},
  number={6},
  pages={377--391},
  year={2014},
  publisher={Nature Publishing Group UK London}
} % positive and negative selection, review

@article{leube2023single,
  title={Single-cell fate mapping reveals widespread clonal ignorance of low-affinity {T} cells exposed to systemic infection},
  author={Leube, Justin and M{\"u}hlbauer, Anton and Andr{\"a}, Immanuel and Biggel, Madleen and Busch, Dirk H and Kretschmer, Lorenz and Buchholz, Veit R},
  journal={European Journal of Immunology},
  volume={53},
  number={3},
  pages={2250009},
  year={2023},
  publisher={Wiley Online Library}
} % low-affinity T cells ignorant to systemic antigen exposure

@article{straub2023recruitment,
  title={Recruitment of epitope-specific {T} cell clones with a low-avidity threshold supports efficacy against mutational escape upon re-infection},
  author={Straub, Adrian and Grassmann, Simon and Jarosch, Sebastian and Richter, Lena and Hilgendorf, Philipp and Hammel, Monika and Wagner, Karolin I and Buchholz, Veit R and Schober, Kilian and Busch, Dirk H},
  journal={Immunity},
  year={2023},
  publisher={Elsevier}
} % low-affinity T cells recruited for recognizing mutants with high affinity.

@inproceedings{schwartz1989t,
  title={T-cell clonal anergy},
  author={Schwartz, Ronald H and Mueller, Daniel L and Jenkins, Mark K and Quill, Helen},
  booktitle={Cold Spring Harbor Symposia on Quantitative Biology},
  volume={54},
  pages={605--610},
  year={1989},
  organization={Cold Spring Harbor Laboratory Press}
} % description of T cell anergy in absence of costimulation? can't access journal

@article{schwartz2003t,
  title={T cell anergy},
  author={Schwartz, Ronald H},
  journal={Annual Review of Immunology},
  volume={21},
  number={1},
  pages={305--334},
  year={2003},
  publisher={Annual Reviews 4139 El Camino Way, PO Box 10139, Palo Alto, CA 94303-0139, USA}
} % T cell anergy review

@article{appleman2003t,
  title={T cell anergy and costimulation},
  author={Appleman, Leonard J and Boussiotis, Vassiliki A},
  journal={Immunological Reviews},
  volume={192},
  number={1},
  pages={161--180},
  year={2003},
  publisher={Wiley Online Library}
} % T cell anergy and costimulation review

@article{lafferty1978immunological,
  title={Immunological induction of {T} lymphocytes: role of antigen and the lymphocyte costimulator.},
  author={Lafferty, Kevin J and Warren, Hilary S and Woolnough, James A and Talmage, David W},
  journal={Blood Cells},
  volume={4},
  number={3},
  pages={395--406},
  year={1978}
} % T cells need a second signal for activation, neither work on their own

@article{quill1987stimulation,
  title={Stimulation of normal inducer T cell clones with antigen presented by purified Ia molecules in planar lipid membranes: specific induction of a long-lived state of proliferative nonresponsiveness.},
  author={Quill, Helen and Schwartz, Ronald H},
  journal={The Journal of Immunology},
  volume={138},
  number={11},
  pages={3704--3712},
  year={1987}
} % induction of anergy with pMHC alone

@article{mueller1989accessory,
  title={An accessory cell-derived costimulatory signal acts independently of protein kinase {C} activation to allow {T} cell proliferation and prevent the induction of unresponsiveness.},
  author={Mueller, Daniel L and Jenkins, Mark K and Schwartz, Ronald H},
  journal={The Journal of Immunology},
  volume={142},
  number={8},
  pages={2617--2628},
  year={1989}
} % co-stimulation from APC necessary

@article{linsley1990t,
  title={T-cell antigen {CD28} mediates adhesion with {B} cells by interacting with activation antigen {B7/BB-1}},
  author={Linsley, Peter S and Clark, Edward A and Ledbetter, Jeffrey A},
  journal={Proceedings of the National Academy of Sciences},
  volume={87},
  number={13},
  pages={5031--5035},
  year={1990},
  publisher={National Acad Sciences}
} % identification of B7 as the ligand for CD28

@article{ragazzo2001costimulation,
  title={Costimulation via lymphocyte function-associated antigen 1 in the absence of {CD28} ligation promotes anergy of naive {CD4+ T} cells},
  author={Ragazzo, Jennifer L and Ozaki, Minette E and Karlsson, Lars and Peterson, Per A and Webb, Susan R},
  journal={Proceedings of the National Academy of Sciences},
  volume={98},
  number={1},
  pages={241--246},
  year={2001},
  publisher={National Acad Sciences}
} % co-stimulation, anergy

@article{wells2001signaling,
  title={Signaling through {CD28} and {CTLA-4} controls two distinct forms of {T} cell anergy},
  author={Wells, Andrew D and Walsh, Matthew C and Bluestone, Jeffrey A and Turka, Laurence A and others},
  journal={The Journal of Clinical Investigation},
  volume={108},
  number={6},
  pages={895--904},
  year={2001},
  publisher={Am Soc Clin Investig}
} % review of co-stimulation, types of anergy

@article{valdor2013induction,
  title={Induction and stability of the anergic phenotype in {T} cells},
  author={Valdor, Rut and Macian, Fernando},
  journal={Seminars in Immunology},
  volume={25},
  number={4},
  pages={313--320},
  year={2013},
  organization={Elsevier}
} % anergy review, phenotypic complexity

@article{shevyrev2020treg,
  title={Treg heterogeneity, function, and homeostasis},
  author={Shevyrev, Daniil and Tereshchenko, Valeriy},
  journal={Frontiers in Immunology},
  volume={10},
  pages={3100},
  year={2020},
  publisher={Frontiers Media SA}
} % Treg review

@article{levine2014continuous,
  title={Continuous requirement for the {TCR} in regulatory {T} cell function},
  author={Levine, Andrew G and Arvey, Aaron and Jin, Wei and Rudensky, Alexander Y},
  journal={Nature Immunology},
  volume={15},
  number={11},
  pages={1070--1078},
  year={2014},
  publisher={Nature Publishing Group US New York}
} % Treg needs TCR engagement to be immunosuppressive

@article{vahl2014continuous,
  title={Continuous {T} cell receptor signals maintain a functional regulatory {T} cell pool},
  author={Vahl, J Christoph and Drees, Christoph and Heger, Klaus and Heink, Sylvia and Fischer, Julius C and Nedjic, Jelena and Ohkura, Naganari and Morikawa, Hiromasa and Poeck, Hendrik and Schallenberg, Sonja and others},
  journal={Immunity},
  volume={41},
  number={5},
  pages={722--736},
  year={2014},
  publisher={Elsevier}
} % Treg needs TCR engagement to be immunosuppressive

@article{schmidt2015regulatory,
  title={Regulatory {T} cells require {TCR} signaling for their suppressive function},
  author={Schmidt, Amanda M and Lu, Wen and Sindhava, Vishal J and Huang, Yanping and Burkhardt, Janis K and Yang, Enjun and Riese, Matthew J and Maltzman, Jonathan S and Jordan, Martha S and Kambayashi, Taku},
  journal={The Journal of Immunology},
  volume={194},
  number={9},
  pages={4362--4370},
  year={2015},
  publisher={American Association of Immunologists}
} % Treg needs TCR engagement to be immunosuppressive

@article{zhang2001activation,
  title={Activation of {CD25+ CD4+ regulatory T cells} by oral antigen administration},
  author={Zhang, Xingmin and Izikson, Leonid and Liu, Liming and Weiner, Howard L},
  journal={The Journal of Immunology},
  volume={167},
  number={8},
  pages={4245--4253},
  year={2001},
  publisher={American Association of Immunologists}
} % Tregs and tolerance to food antigens

@article{xu2018c,
  title={c-{MAF}-dependent regulatory {T} cells mediate immunological tolerance to a gut pathobiont},
  author={Xu, Mo and Pokrovskii, Maria and Ding, Yi and Yi, Ren and Au, Christy and Harrison, Oliver J and Galan, Carolina and Belkaid, Yasmine and Bonneau, Richard and Littman, Dan R},
  journal={Nature},
  volume={554},
  number={7692},
  pages={373--377},
  year={2018},
  publisher={Nature Publishing Group UK London}
} % T regs for tolerance to gut microbiome

@article{burt2013fetal,
  title={Fetal regulatory {T} cells and peripheral immune tolerance in utero: implications for development and disease},
  author={Burt, Trevor D},
  journal={American Journal of Reproductive Immunology},
  volume={69},
  number={4},
  pages={346--358},
  year={2013},
  publisher={Wiley Online Library}
} % T regs and fetus

@article{chen2003conversion,
  title={Conversion of peripheral {CD4+ CD25- naive T cells to CD4+ CD25+ regulatory T cells by TGF}-$\beta$ induction of transcription factor {Foxp3}},
  author={Chen, WanJun and Jin, Wenwen and Hardegen, Neil and Lei, Ke-jian and Li, Li and Marinos, Nancy and McGrady, George and Wahl, Sharon M},
  journal={The Journal of Experimental Medicine},
  volume={198},
  number={12},
  pages={1875--1886},
  year={2003},
  publisher={Rockefeller University Press}
} % iTregs, TGF-beta

@article{sakaguchi2008regulatory,
  title={Regulatory {T} cells and immune tolerance},
  author={Sakaguchi, Shimon and Yamaguchi, Tomoyuki and Nomura, Takashi and Ono, Masahiro},
  journal={Cell},
  volume={133},
  number={5},
  pages={775--787},
  year={2008},
  publisher={Elsevier}
} % Treg review

@article{agakidis2019immune,
  title={Immune dysregulation, polyendocrinopathy, enteropathy, {X}-linked syndrome associated with a novel mutation of {FOXP3} gene},
  author={Agakidis, Charalampos and Agakidou, Eleni and Sarafidis, Kosmas and Papoulidis, Ioannis and Xinias, Ioannis and Farmaki, Evangelia},
  journal={Frontiers in Pediatrics},
  volume={7},
  pages={20},
  year={2019},
  publisher={Frontiers Media SA}
} % IPEX

@article{gambineri2003immune,
  title={Immune dysregulation, polyendocrinopathy, enteropathy, and {X}-linked inheritance ({IPEX}), a syndrome of systemic autoimmunity caused by mutations of {FOXP3}, a critical regulator of {T}-cell homeostasis},
  author={Gambineri, Eleonora and Torgerson, Troy R and Ochs, Hans D},
  journal={Current Opinion in Rheumatology},
  volume={15},
  number={4},
  pages={430--435},
  year={2003},
  publisher={LWW}
} % IPEX

@article{tang2008foxp3+,
  title={The {Foxp3+ regulatory T cell}: a jack of all trades, master of regulation},
  author={Tang, Qizhi and Bluestone, Jeffrey A},
  journal={Nature Immunology},
  volume={9},
  number={3},
  pages={239--244},
  year={2008},
  publisher={Nature Publishing Group US New York}
} % Treg physically blocks autoreactive T cell interaction with DC, intravital imageing

@article{tadokoro2006regulatory,
  title={Regulatory {T} cells inhibit stable contacts between {CD4+} {T} cells and dendritic cells in vivo},
  author={Tadokoro, Carlos E and Shakhar, Guy and Shen, Shiqian and Ding, Yi and Lino, Andreia C and Maraver, Antonio and Lafaille, Juan J and Dustin, Michael L},
  journal={The Journal of Experimental Medicine},
  volume={203},
  number={3},
  pages={505--511},
  year={2006},
  publisher={Rockefeller University Press}
} % Treg physically blocks autoreactive T cell interaction with DC, intravital imageing

@article{pandiyan2007cd4+,
  title={{CD4+ CD25+ Foxp3+ regulatory T cells induce cytokine deprivation}--{mediated apoptosis of effector {CD4+} T cells}},
  author={Pandiyan, Pushpa and Zheng, Lixin and Ishihara, Satoru and Reed, Jennifer and Lenardo, Michael J},
  journal={Nature Immunology},
  volume={8},
  number={12},
  pages={1353--1362},
  year={2007},
  publisher={Nature Publishing Group US New York}
} % IL-2 sequestration

@article{tekguc2021treg,
  title={Treg-expressed {CTLA-4} depletes {CD80/CD86} by trogocytosis, releasing free {PD-L1} on antigen-presenting cells},
  author={Tekguc, Murat and Wing, James Badger and Osaki, Motonao and Long, Jia and Sakaguchi, Shimon},
  journal={Proceedings of the National Academy of Sciences},
  volume={118},
  number={30},
  pages={e2023739118},
  year={2021},
  publisher={National Acad Sciences}
} % trogocytosis of B7-1/2

@article{groux1997cd4+,
  title={A {CD4+ T-cell} subset inhibits antigen-specific {T}-cell responses and prevents colitis},
  author={Groux, Herv{\'e} and O'Garra, Anne and Bigler, Mike and Rouleau, Matthieu and Antonenko, Svetlana and de Vries, Jan E and Roncarolo, Maria Grazia},
  journal={Nature},
  volume={389},
  number={6652},
  pages={737--742},
  year={1997},
  publisher={Nature Publishing Group UK London}
} % Tr1 secreting IL-10 and TGF-beta and suppressing colitis

@article{chen2021alloantigen,
  title={Alloantigen-specific type 1 regulatory {T} cells suppress through {CTLA-4 and PD-1} pathways and persist long-term in patients},
  author={Chen, Pauline P and Cepika, Alma-Martina and Agarwal-Hashmi, Rajni and Saini, Gopin and Uyeda, Molly J and Louis, David M and Cieniewicz, Brandon and Narula, Mansi and Amaya Hernandez, Laura C and Harre, Nicholas and others},
  journal={Science Translational Medicine},
  volume={13},
  number={617},
  pages={eabf5264},
  year={2021},
  publisher={American Association for the Advancement of Science}
} % CTLA-4 on Tr1s

@article{chen1994regulatory,
  title={Regulatory {T} cell clones induced by oral tolerance: suppression of autoimmune encephalomyelitis},
  author={Chen, Youhai and Kuchroo, Vijay K and Inobe, Jun-ichi and Hafler, David A and Weiner, Howard L},
  journal={Science},
  volume={265},
  number={5176},
  pages={1237--1240},
  year={1994},
  publisher={American Association for the Advancement of Science}
} % Th3

@article{mishra2021cd8+,
  title={{CD8+} regulatory {T} cell -- a mystery to be revealed},
  author={Mishra, Shruti and Srinivasan, Saranya and Ma, Chaoyu and Zhang, Nu},
  journal={Frontiers in Immunology},
  volume={12},
  pages={708874},
  year={2021},
  publisher={Frontiers Media SA}
} % CD8 positive Treg

@article{krop2020regulatory,
  title={Regulatory {T} cells in pregnancy: it is not all about {FoxP3}},
  author={Krop, Juliette and Heidt, Sebastiaan and Claas, Frans HJ and Eikmans, Michael},
  journal={Frontiers in Immunology},
  volume={11},
  pages={1182},
  year={2020},
  publisher={Frontiers Media SA}
} % review on non-FoxP3 Tregs

@article{thomann2021conversion,
  title={Conversion of anergic {T} cells into {Foxp3-IL-10+ regulatory T} cells by a second antigen stimulus in vivo},
  author={Thomann, Anna Sophie and Schneider, Theresa and Cyran, Laura and Eckert, Ina Nathalie and Kerstan, Andreas and Lutz, Manfred B},
  journal={Frontiers in Immunology},
  volume={12},
  pages={704578},
  year={2021},
  publisher={Frontiers Media SA}
} % anergic T cells as precursors for Tr1

@article{freeborn2022type,
  title={Type 1 regulatory {T} cell-mediated tolerance in health and disease},
  author={Freeborn, Robert A and Strubbe, Steven and Roncarolo, Maria Grazia},
  journal={Frontiers in Immunology},
  volume={13},
  pages={1032575},
  year={2022},
  publisher={Frontiers}
} % Tr1 bae review.

@article{this2021strength,
  title={Strength and numbers: the role of affinity and avidity in the ‘quality’ of {T} cell tolerance},
  author={This, S{\'e}bastien and Valbon, Stefanie F and Lebel, Marie-{\`E}ve and Melichar, Heather J},
  journal={Cells},
  volume={10},
  number={6},
  pages={1530},
  year={2021},
  publisher={MDPI}
} % heather melichar review on t cell avidity and tolerance

@article{calis2012degenerate,
  title={Degenerate {T}-cell recognition of peptides on {MHC} molecules creates large holes in the {T}-cell repertoire},
  author={Calis, Jorg JA and De Boer, Rob J and Ke{\c{s}}mir, Can},
  journal={PLOS Computational Biology},
  volume={8},
  number={3},
  pages={e1002412},
  year={2012},
  publisher={Public Library of Science San Francisco, USA}
} % degenerate TCR recognition between self- and foreign- pMHC.

@article{borghans1998crossreactivity,
  title={Crossreactivity of the {T}-cell receptor},
  author={Borghans, Jos{\'e} AM and De Boer, Rob J},
  journal={Immunology Today},
  volume={19},
  number={9},
  pages={428--429},
  year={1998},
  publisher={Elsevier}
} % cross-reactivity in T cell tolerance

@article{borghans1999specific,
  title={How specific should immunological memory be?},
  author={Borghans, Jos{\'e} AM and Noest, Andr{\'e} J and De Boer, Rob J},
  journal={The Journal of Immunology},
  volume={163},
  number={2},
  pages={569--575},
  year={1999},
  publisher={American Association of Immunologists}
} % cross-reactivity in T cell tolerance

@article{khailaie2013mathematical,
  title={A mathematical model of immune activation with a unified self-nonself concept},
  author={Khailaie, Sahamoddin and Bahrami, Fariba and Janahmadi, Mahyar and Milanez-Almeida, Pedro and Huehn, Jochen and Meyer-Hermann, Michael},
  journal={Frontiers in Immunology},
  volume={4},
  pages={474},
  year={2013},
  publisher={Frontiers Media SA}
} % khailaie model, Tregs vs Teffs, autoimmune suppression vs response

@article{thorsby2005hla,
  title={{HLA} associated genetic predisposition to autoimmune diseases: Genes involved and possible mechanisms},
  author={Thorsby, Erik and Lie, Benedicte A},
  journal={Transplant Immunology},
  volume={14},
  number={3-4},
  pages={175--182},
  year={2005},
  publisher={Elsevier}
} % predispositions to autoimmunity

@article{miller2023increasing,
  title={The increasing prevalence of autoimmunity and autoimmune diseases: an urgent call to action for improved understanding, diagnosis, treatment, and prevention},
  author={Miller, Frederick W},
  journal={Current Opinion in Immunology},
  volume={80},
  pages={102266},
  year={2023},
  publisher={Elsevier}
} % prevalence of autoimmune disorders is on the rise

@article{moran2011t,
  title={T cell receptor signal strength in {Treg and iNKT} cell development demonstrated by a novel fluorescent reporter mouse},
  author={Moran, Amy E and Holzapfel, Keli L and Xing, Yan and Cunningham, Nicole R and Maltzman, Jonathan S and Punt, Jennifer and Hogquist, Kristin A},
  journal={Journal of Experimental Medicine},
  volume={208},
  number={6},
  pages={1279--1289},
  year={2011},
  publisher={The Rockefeller University Press}
} % Treg TCR is high affinity

@article{li2016t,
  title={T cell receptor signalling in the control of regulatory {T} cell differentiation and function},
  author={Li, Ming O and Rudensky, Alexander Y},
  journal={Nature Reviews Immunology},
  volume={16},
  number={4},
  pages={220--233},
  year={2016},
  publisher={Nature Publishing Group UK London}
} % TCR in Tregs - review

@article{jung2022targeted,
  title={Targeted immunotherapy for autoimmune disease},
  author={Jung, Seung Min and Kim, Wan-Uk},
  journal={Immune Network},
  volume={22},
  number={1},
  year={2022},
  publisher={The Korean Association of Immunologists}
} % immunotherapies in autoimmunity

@article{mitchell2022self,
  title={Self-antigens targeted by regulatory {T} cells in type 1 diabetes},
  author={Mitchell, Angela M and Michels, Aaron W},
  journal={International Journal of Molecular Sciences},
  volume={23},
  number={6},
  pages={3155},
  year={2022},
  publisher={MDPI}
} % IGRP as a disease-relevant pMHC in T1D

@article{james2022cd4,
  title={{CD4} and {CD8} co-receptors modulate functional avidity of {CD1b-restricted T }cells},
  author={James, Charlotte A and Xu, Yuexin and Aguilar, Melissa S and Jing, Lichen and Layton, Erik D and Gilleron, Martine and Minnaard, Adriaan J and Scriba, Thomas J and Day, Cheryl L and Warren, Edus H and others},
  journal={Nature Communications},
  volume={13},
  number={1},
  pages={78},
  year={2022},
  publisher={Nature Publishing Group UK London}
} % CD4 and CD8 levels functional avidity

@article{hebeisen2013shp,
  title={{SHP-1} phosphatase activity counteracts increased {T} cell receptor affinity},
  author={Hebeisen, Michael and Baitsch, Lukas and Presotto, Danilo and Baumgaertner, Petra and Romero, Pedro and Michielin, Olivier and Speiser, Daniel E and Rufer, Nathalie and others},
  journal={The Journal of Clinical Investigation},
  volume={123},
  number={3},
  pages={1044--1056},
  year={2013},
  publisher={Am Soc Clin Investig}
} % SHP-1 T cell functional avidity.

@article{vigano2012functional,
  title={Functional avidity: a measure to predict the efficacy of effector {T} cells?},
  author={Vigano, Selena and Utzschneider, Daniel T and Perreau, Matthieu and Pantaleo, Giuseppe and Zehn, Dietmar and Harari, Alexandre and others},
  journal={Journal of Immunology Research},
  volume={2012},
  year={2012},
  publisher={Hindawi}
} % functional avidity review

@article{stone2013role,
  title={Role of {T} cell receptor affinity in the efficacy and specificity of adoptive {T} cell therapies},
  author={Stone, Jennifer D and Kranz, David M},
  journal={Frontiers in Immunology},
  volume={4},
  pages={244},
  year={2013},
  publisher={Frontiers Media SA}
} % review on adoptive cell therapies for cancer, has definition of affinity

@incollection{piepenbrink2009methods,
  title={Methods for quantifying {T} cell receptor binding affinities and thermodynamics},
  author={Piepenbrink, Kurt H and Gloor, Brian E and Armstrong, Kathryn M and Baker, Brian M},
  booktitle={Methods in Enzymology},
  volume={466},
  pages={359--381},
  year={2009},
  publisher={Elsevier}
} % SPR and other measurement techniques

@article{davis1998ligand,
  title={Ligand recognition by $\alpha$$\beta$ {T} cell receptors},
  author={Davis, Mark M and Boniface, J Jay and Reich, Ziv and Lyons, Daniel and Hampl, Johannes and Arden, Bernhard and Chien, Yueh-hsiu},
  journal={Annual Review of Immunology},
  volume={16},
  number={1},
  pages={523--544},
  year={1998},
  publisher={Annual Reviews 4139 El Camino Way, PO Box 10139, Palo Alto, CA 94303-0139, USA}
} % TCR KD values from ligand affinities

@article{thomas2011human,
  title={Human {T} cells expressing affinity-matured {TCR} display accelerated responses but fail to recognize low density of {MHC}-peptide antigen},
  author={Thomas, Sharyn and Xue, Shao-An and Bangham, Charles RM and Jakobsen, Bent K and Morris, Emma C and Stauss, Hans J},
  journal={Blood},
  volume={118},
  number={2},
  pages={319--329},
  year={2011},
  publisher={American Society of Hematology Washington, DC}
} adhesion frequency assay

@article{huppa2010tcr,
  title={{TCR}--peptide--{MHC} interactions in situ show accelerated kinetics and increased affinity},
  author={Huppa, Johannes B and Axmann, Markus and M{\"o}rtelmaier, Manuel A and Lillemeier, Bj{\"o}rn F and Newell, Evan W and Brameshuber, Mario and Klein, Lawrence O and Sch{\"u}tz, Gerhard J and Davis, Mark M},
  journal={Nature},
  volume={463},
  number={7283},
  pages={963--967},
  year={2010},
  publisher={Nature Publishing Group UK London}
} % FRET

@article{christophersen2020peptide,
  title={Peptide-{MHC class I and class II }tetramers: from flow to mass cytometry},
  author={Christophersen, Asbj{\o}rn},
  journal={HLA},
  volume={95},
  number={3},
  pages={169--178},
  year={2020},
  publisher={Wiley Online Library}
} % pMHC tetramer review

@article{wooldridge2009tricks,
  title={Tricks with tetramers: how to get the most from multimeric peptide--{MHC}},
  author={Wooldridge, Linda and Lissina, Anna and Cole, David K and Van Den Berg, Hugo A and , David A and Sewell, Andrew K},
  journal={Immunology},
  volume={126},
  number={2},
  pages={147--164},
  year={2009},
  publisher={Wiley Online Library}
} % pMHC tetramer review

@article{van2006t,
  title={T-cell avidity and tuning: the flexible connection between tolerance and autoimmunity},
  author={van den Boorn, Jasper G and Caroline Le Poole, I and Luiten, Rosalie M},
  journal={International Reviews of Immunology},
  volume={25},
  number={3-4},
  pages={235--258},
  year={2006},
  publisher={Taylor \& Francis}
} % Review where they used "avidity" and "functional avidity" as synonyms

@article{slifka2001functional,
  title={Functional avidity maturation of {CD8+ T} cells without selection of higher affinity {TCR}},
  author={Slifka, Mark K and Whitton, J Lindsay},
  journal={Nature Immunology},
  volume={2},
  number={8},
  pages={711--717},
  year={2001},
  publisher={Nature Publishing Group}
} % CD8, avidity maturation without changes to affinity.

@article{viola1996t,
  title={T cell activation determined by {T} cell receptor number and tunable thresholds},
  author={Viola, Antonella and Lanzavecchia, Antonio},
  journal={Science},
  volume={273},
  number={5271},
  pages={104--106},
  year={1996},
  publisher={American Association for the Advancement of Science}
} % T cell antigen sensitivity as a function of co-stimulation

@article{hawiger2004immunological,
  title={Immunological unresponsiveness characterized by increased expression of {CD5} on peripheral {T} cells induced by dendritic cells in vivo},
  author={Hawiger, Daniel and Masilamani, Revati F and Bettelli, Estelle and Kuchroo, Vijay K and Nussenzweig, Michel C},
  journal={Immunity},
  volume={20},
  number={6},
  pages={695--705},
  year={2004},
  publisher={Elsevier}
} % CD5, a negative regulator of T cell signalling

@article{tarakhovsky1995role,
  title={A role for {CD5} in {TCR}-mediated signal transduction and thymocyte selection},
  author={Tarakhovsky, Alexander and Kanner, Steven B and Hombach, Joachim and Ledbetter, Jeffrey A and M{\"u}ller, Werner and Killeen, Nigel and Rajewsky, Klaus},
  journal={Science},
  volume={269},
  number={5223},
  pages={535--537},
  year={1995},
  publisher={American Association for the Advancement of Science}
} CD5-deficient T cells are hypperresponsive.

@article{holler2003tcrs,
  title={{TCRs} with high affinity for foreign {pMHC} show self-reactivity},
  author={Holler, Phillip D and Chlewicki, Lukasz K and Kranz, David M},
  journal={Nature Immunology},
  volume={4},
  number={1},
  pages={55--62},
  year={2003},
  publisher={Nature Publishing Group US New York}
} % CD8, self- and foreign-pMHC reactivity relationship

@article{detours1999quantitative,
  title={A quantitative theory of affinity-driven {T} cell repertoire selection},
  author={Detours, Vincent and Mehr, Ramit and Perelson, Alan S},
  journal={Journal of Theoretical Biology},
  volume={200},
  number={4},
  pages={389--403},
  year={1999},
  publisher={Elsevier}
} % digit-string model of TCR binding and alloreactivity (MHC binding portion)

@article{detours1999explaining,
  title={Explaining high alloreactivity as a quantitative consequence of affinity-driven thymocyte selection},
  author={Detours, Vincent and Perelson, Alan S},
  journal={Proceedings of the National Academy of Sciences},
  volume={96},
  number={9},
  pages={5153--5158},
  year={1999},
  publisher={National Acad Sciences}
} % digit-string model of TCR binding and alloreactivity (MHC binding portion)

@article{detours2000paradox,
  title={The paradox of alloreactivity and self {MHC} restriction: quantitative analysis and statistics},
  author={Detours, Vincent and Perelson, Alan S},
  journal={Proceedings of the National Academy of Sciences},
  volume={97},
  number={15},
  pages={8479--8483},
  year={2000},
  publisher={National Acad Sciences}
} % digit-string model of TCR binding and alloreactivity (MHC binding portion)

@article{chao2005effects,
  title={The effects of thymic selection on the range of {T} cell cross-reactivity},
  author={Chao, Dennis L and Davenport, Miles P and Forrest, Stephanie and Perelson, Alan S},
  journal={European Journal of Immunology},
  volume={35},
  number={12},
  pages={3452--3459},
  year={2005},
  publisher={Wiley Online Library}
} % digit-string model of TCR binding and cross-reactivity

@article{de1994t,
  title={T cell repertoires and competitive exclusion},
  author={De Boer, Rob J and Perelson, Alan S},
  journal={Journal of Theoretical Biology},
  volume={169},
  number={4},
  pages={375--390},
  year={1994},
  publisher={Elsevier}
} % original competitive exclusion model

@article{chao2004stochastic,
  title={A stochastic model of cytotoxic {T} cell responses},
  author={Chao, Dennis L and Davenport, Miles P and Forrest, Stephanie and Perelson, Alan S},
  journal={Journal of Theoretical Biology},
  volume={228},
  number={2},
  pages={227--240},
  year={2004},
  publisher={Elsevier}
} % stochastic multi-clone t cell model

@article{chao2004modelling,
  title={Modelling the impact of antigen kinetics on {T}-cell activation and response},
  author={Chao, Dennis L and Davenport, Miles P and Forrest, Stephanie and Perelson, Alan S},
  journal={Immunology and Cell Biology},
  volume={82},
  number={1},
  pages={55--61},
  year={2004},
  publisher={Wiley Online Library}
} % multi-clone T cell model in response to antigen

@article{martinez2016low,
  title={Low-affinity {CD4+ T} cells are major responders in the primary immune response},
  author={Martinez, Ryan J and Andargachew, Rakieb and Martinez, Hunter A and Evavold, Brian D},
  journal={Nature Communications},
  volume={7},
  number={1},
  pages={13848},
  year={2016},
  publisher={Nature Publishing Group UK London}
} % self-explanatory.

@article{martin2013highly,
  title={Highly self-reactive naive {CD4 T} cells are prone to differentiate into regulatory {T} cells},
  author={Martin, Bruno and Auffray, C{\'e}dric and Delpoux, Arnaud and Pommier, Arnaud and Durand, Aur{\'e}lie and Charvet, C{\'e}line and Yakonowsky, Philippe and De Boysson, Hubert and Bonilla, Nelly and Audemard, Alexandra and others},
  journal={Nature Communications},
  volume={4},
  number={1},
  pages={2209},
  year={2013},
  publisher={Nature Publishing Group UK London}
} % lineage decision based on self-reactivity

@article{sood2019differential,
  title={Differential interferon-gamma production potential among na{\"\i}ve {CD4+ T} cells exists prior to antigen encounter},
  author={Sood, Aditi and Lebel, Marie-{\`E}ve and Fournier, Marilaine and Rogers, Dakota and Mandl, Judith N and Melichar, Heather J},
  journal={Immunology and Cell Biology},
  volume={97},
  number={10},
  pages={931--940},
  year={2019},
  publisher={Wiley Online Library}
} % pre-exisiting IFNg production potential

@article{van2014t,
  title={T-cell-receptor-dependent signal intensity dominantly controls {CD4+} {T} cell polarization in vivo},
  author={Van Panhuys, Nicholas and Klauschen, Frederick and Germain, Ronald N},
  journal={Immunity},
  volume={41},
  number={1},
  pages={63--74},
  year={2014},
  publisher={Elsevier}
} % TCR signal and lineage commitment

@article{shepherd2020t,
  title={T cell immunity to bacterial pathogens: mechanisms of immune control and bacterial evasion},
  author={Shepherd, Freya R and McLaren, James E},
  journal={International Journal of Molecular Sciences},
  volume={21},
  number={17},
  pages={6144},
  year={2020},
  publisher={MDPI}
} % bacterial evasion strategies (mostly M tuberculosis) review

@article{rittershaus2013normalcy,
  title={The normalcy of dormancy: common themes in microbial quiescence},
  author={Rittershaus, Emily SC and Baek, Seung-Hun and Sassetti, Christopher M},
  journal={Cell Host \& Microbe},
  volume={13},
  number={6},
  pages={643--651},
  year={2013},
  publisher={Elsevier}
} % microbial dormancy review

@article{brunet2018reactivation,
  title={Reactivation of dormant/latent fungal infection},
  author={Brunet, Kevin and Alanio, Alexandre and Lortholary, Olivier and Rammaert, Blandine},
  journal={Journal of Infection},
  volume={77},
  number={6},
  pages={463--468},
  year={2018},
  publisher={Elsevier}
} % fungal dormancy

@article{speck2010viral,
  title={Viral latency and its regulation: lessons from the $\gamma$-herpesviruses},
  author={Speck, Samuel H and Ganem, Don},
  journal={Cell Host \& Microbe},
  volume={8},
  number={1},
  pages={100--115},
  year={2010},
  publisher={Elsevier}
} % viral latency review

@article{zangger2022t,
  title={T cell immunity to cytomegalovirus infection},
  author={Zangger, Nathan and Oxenius, Annette},
  journal={Current Opinion in Immunology},
  volume={77},
  pages={102185},
  year={2022},
  publisher={Elsevier}
} % Review on T cell escape my CMV

@article{delannoy2019cat,
  title={Cat and mouse: {HIV} transcription in latency, immune evasion and cure/remission strategies},
  author={Delannoy, Aur{\'e}lie and Poirier, Mika{\"e}l and Bell, Brendan},
  journal={Viruses},
  volume={11},
  number={3},
  pages={269},
  year={2019},
  publisher={MDPI}
} % HIV latency

@article{eshleman2011varicella,
  title={Varicella zoster virus latency},
  author={Eshleman, Emily and Shahzad, Aamir and Cohrs, Randall J},
  journal={Future Virology},
  volume={6},
  number={3},
  pages={341--355},
  year={2011},
  publisher={Future Medicine}
} % varicella zoster virus (Chicken pox) latency

@Inbook{hill2018mathematical,
  author="Hill, Alison L.",
  title="Mathematical Models of {HIV} Latency",
  bookTitle="{HIV-1} Latency",
  year="2018",
  publisher="Springer International Publishing",
  address="Cham",
  pages="131--156",
  isbn="978-3-030-02816-9",
  doi="10.1007/82_2017_77",
  url="https://doi.org/10.1007/82_2017_77"
} % review on HIV models, TCLM, latent pool

@article{chun1999latent,
  title={Latent reservoirs of {HIV}: obstacles to the eradication of virus},
  author={Chun, Tae-Wook and Fauci, Anthony S},
  journal={Proceedings of the National Academy of Sciences},
  volume={96},
  number={20},
  pages={10958--10961},
  year={1999},
  publisher={National Acad Sciences}
} % latent reservoirs and obstacle to HIV eradication, Anthony Fauci

@article{rong2009modeling,
  title={Modeling {HIV} persistence, the latent reservoir, and viral blips},
  author={Rong, Libin and Perelson, Alan S},
  journal={Journal of Theoretical Biology},
  volume={260},
  number={2},
  pages={308--331},
  year={2009},
  publisher={Elsevier}
} % review on HIV models, TCLM, latent pool

@article{antoniou2008pathogen,
  title={Pathogen evasion strategies for the major histocompatibility complex class {I} assembly pathway},
  author={Antoniou, Antony N and Powis, Simon J},
  journal={Immunology},
  volume={124},
  number={1},
  pages={1--12},
  year={2008},
  publisher={Wiley Online Library}
} % MHCI downregulation by pathogens

@article{gomes2016immune,
  title={Immune escape strategies of malaria parasites},
  author={Gomes, Pollyanna S and Bhardwaj, Jyoti and Rivera-Correa, Juan and Freire-De-Lima, Celio G and Morrot, Alexandre},
  journal={Frontiers in Microbiology},
  volume={7},
  pages={1617},
  year={2016},
  publisher={Frontiers Media SA}
} % review, contains down-regulation of MHCI by plasmodium and other immune evasion mechanisms

@article{steers2005immune,
  title={The immune status of {Kupffer} cells profoundly influences their responses to infectious {Plasmodium berghei} sporozoites},
  author={Steers, Nick and Schwenk, Robert and Bacon, David J and Berenzon, Dmitri and Williams, Jackie and Krzych, Urszula},
  journal={European Journal of Immunology},
  volume={35},
  number={8},
  pages={2335--2346},
  year={2005},
  publisher={Wiley Online Library}
} % sporozoites during malaria infection cause downregulation of MHCI on Kupffer cells in the liver

@article{garib2015t,
  title={T-regulatory cells as part of strategy of immune evasion by pathogens},
  author={Garib, F Yu and Rizopulu, AP},
  journal={Biochemistry (Moscow)},
  volume={80},
  pages={957--971},
  year={2015},
  publisher={Springer}
} % immune evasion using Tregs

@article{belkaid2009regulatory,
  title={Regulatory {T} cells in the control of host-microorganism interactions},
  author={Belkaid, Yasmine and Tarbell, Kristin},
  journal={Annual Review of Immunology},
  volume={27},
  pages={551--589},
  year={2009},
  publisher={Annual Reviews}
} % general Treg in infection review, including induction of Tregs by pathogens for immune escape.

@article{belkaid2007regulatory,
  title={Regulatory {T} cells and infection: a dangerous necessity},
  author={Belkaid, Yasmine},
  journal={Nature Reviews Immunology},
  volume={7},
  number={11},
  pages={875--888},
  year={2007},
  publisher={Nature Publishing Group UK London}
}

@article{boer2015regulatory,
  title={Regulatory {T}-cells at the interface between human host and pathogens in infectious diseases and vaccination},
  author={Boer, Mardi C and Joosten, Simone A and Ottenhoff, Tom HM},
  journal={Frontiers in Immunology},
  volume={6},
  pages={217},
  year={2015},
  publisher={Frontiers Media SA}
} % Mechanisms of Treg induction by pathogens.

@article{zajac1998viral,
  title={Viral immune evasion due to persistence of activated {T} cells without effector function},
  author={Zajac, Allan J and Blattman, Joseph N and Murali-Krishna, Kaja and Sourdive, David JD and Suresh, M and Altman, John D and Ahmed, Rafi},
  journal={The Journal of Experimental Medicine},
  volume={188},
  number={12},
  pages={2205--2213},
  year={1998},
  publisher={The Rockefeller University Press}
} % Original description of T cell exhaustion

@article{deitsch2009common,
  title={Common strategies for antigenic variation by bacterial, fungal and protozoan pathogens},
  author={Deitsch, Kirk W and Lukehart, Sheila A and Stringer, James R},
  journal={Nature Reviews Microbiology},
  volume={7},
  number={7},
  pages={493--503},
  year={2009},
  publisher={Nature Publishing Group UK London}
} % review of immune escape mechanisms (not viral)

@article{van2004phase,
  title={Phase and antigenic variation in bacteria},
  author={Van Der Woude, Marjan W and B\"{a}umler, Andreas J},
  journal={Clinical Microbiology Reviews},
  volume={17},
  number={3},
  pages={581--611},
  year={2004},
  publisher={Am Soc Microbiol}
} % phase switch as antigenic variation by bacteria review

@article{florini2022shared,
  title={Shared mechanisms for mutually exclusive expression and antigenic variation by protozoan parasites},
  author={Florini, Francesca and Visone, Joseph E and Deitsch, Kirk W},
  journal={Frontiers in Cell and Developmental Biology},
  volume={10},
  pages={485},
  year={2022},
  publisher={Frontiers}
} % mutually exclusive expression as antigenic variation by parasites review

@article{weiner1995persistent,
  title={Persistent hepatitis {C} virus infection in a chimpanzee is associated with emergence of a cytotoxic {T} lymphocyte escape variant.},
  author={Weiner, Amy and Erickson, Ann L and Kansopon, Joe and Crawford, Kevin and Muchmore, Elizabeth and Hughes, Austin L and Houghton, Michael and Walker, Christopher M},
  journal={Proceedings of the National Academy of Sciences},
  volume={92},
  number={7},
  pages={2755--2759},
  year={1995},
  publisher={National Acad Sciences}
} % HCV, escape mutations

@article{borrow1997antiviral,
  title={Antiviral pressure exerted by {HIV-1}-specific cytotoxic {T} lymphocytes ({CTLs}) during primary infection demonstrated by rapid selection of {CTL} escape virus},
  author={Borrow, Persephone and Lewicki, Hanna and Wei, Xiping and Horwitz, Marc S and Peffer, Nancy and Meyers, Heather and Nelson, Jay A and Gairin, Jean Edouard and Hahn, Beatrice H and Oldstone, Michael BA and others},
  journal={Nature Medicine},
  volume={3},
  number={2},
  pages={205--211},
  year={1997},
  publisher={Nature Publishing Group US New York}
} % HIV, escape mutations

@article{brown2016viruses,
  title={Are viruses alive?},
  author={Brown, Nigel and Bhella, David},
  journal={Microbiology Today},
  volume={43},
  number={2},
  pages={58--61},
  year={2016}
} % Are viruses alive? discussion

@article{perelson2002modelling,
  title={Modelling viral and immune system dynamics},
  author={Perelson, Alan S},
  journal={Nature Reviews Immunology},
  volume={2},
  number={1},
  pages={28--36},
  year={2002},
  publisher={Nature Publishing Group UK London}
} % Alan Perlson review on HIV dynamics modelling.

@article{perelson1996hiv,
  title={{HIV-1} dynamics in vivo: virion clearance rate, infected cell life-span, and viral generation time},
  author={Perelson, Alan S and Neumann, Avidan U and Markowitz, Martin and Leonard, John M and Ho, David D},
  journal={Science},
  volume={271},
  number={5255},
  pages={1582--1586},
  year={1996},
  publisher={American Association for the Advancement of Science}
} % estimating virion production rate of HIV with TCLM among other rate parameters.

@article{andino2015viral,
  title={Viral quasispecies},
  author={Andino, Raul and Domingo, Esteban},
  journal={Virology},
  volume={479},
  pages={46--51},
  year={2015},
  publisher={Elsevier}
} % viral quasispecies review

@article{domingo2019viral,
  title={Viral quasispecies},
  author={Domingo, Esteban and Perales, Celia},
  journal={PLOS Genetics},
  volume={15},
  number={10},
  pages={e1008271},
  year={2019},
  publisher={Public Library of Science}
} % viral quasispecies review

@article{bons2018virus,
  title={Virus dynamics and phyloanatomy: merging population dynamic and phylogenetic approaches},
  author={Bons, Eva and Regoes, Roland R},
  journal={Immunological Reviews},
  volume={285},
  number={1},
  pages={134--146},
  year={2018},
  publisher={Wiley Online Library}
} % viral phylodynamics (phyloanatomy

@article{sanjuan2010viral,
  title={Viral mutation rates},
  author={Sanju{\'a}n, Rafael and Nebot, Miguel R and Chirico, Nicola and Mansky, Louis M and Belshaw, Robert},
  journal={Journal of Virology},
  volume={84},
  number={19},
  pages={9733--9748},
  year={2010},
  publisher={Am Soc Microbiol}
} % viral mutation rates.

@article{baccam2006kinetics,
  title={Kinetics of influenza {A} virus infection in humans},
  author={Baccam, Prasith and Beauchemin, Catherine and Macken, Catherine A and Hayden, Frederick G and Perelson, Alan S},
  journal={Journal of Virology},
  volume={80},
  number={15},
  pages={7590--7599},
  year={2006},
  publisher={Am Soc Microbiol}
} % influenza A virus kinetics (TCLM, cleared in 5-7 days)

@article{xue2018within,
  title={Within-host evolution of human influenza virus},
  author={Xue, Katherine S and Moncla, Louise H and Bedford, Trevor and Bloom, Jesse D},
  journal={Trends in Microbiology},
  volume={26},
  number={9},
  pages={781--793},
  year={2018},
  publisher={Elsevier}
} % influenza virus evolution review

@article{rogers2015intrahost,
  title={Intrahost dynamics of antiviral resistance in influenza A virus reflect complex patterns of segment linkage, reassortment, and natural selection},
  author={Rogers, Matthew B and Song, Timothy and Sebra, Robert and Greenbaum, Benjamin D and Hamelin, Marie-Eve and Fitch, Adam and Twaddle, Alan and Cui, Lijia and Holmes, Edward C and Boivin, Guy and others},
  journal={MBio},
  volume={6},
  number={2},
  pages={10--1128},
  year={2015},
  publisher={Am Soc Microbiol}
} % intra-host influenza evolution in immunocompromised individuals

@article{xue2017parallel,
  title={Parallel evolution of influenza across multiple spatiotemporal scales},
  author={Xue, Katherine S and Stevens-Ayers, Terry and Campbell, Angela P and Englund, Janet A and Pergam, Steven A and Boeckh, Michael and Bloom, Jesse D},
  journal={eLife},
  volume={6},
  pages={e26875},
  year={2017},
  publisher={eLife Sciences Publications, Ltd}
} % chronic IAV, within-host evolution and antigenic variants.

@article{mcminn1999antigenic,
  title={Antigenic drift of influenza {A} ({H3N2}) virus in a persistently infected immunocompromised host is similar to that occurring in the community},
  author={McMinn, Peter and Carrello, Angela and Cole, Catherine and Baker, David and Hampson, Alan},
  journal={Clinical Infectious Diseases},
  pages={456--458},
  year={1999},
  publisher={JSTOR}
} % chronic IAV, within-host evolution and antigenic variants.

@article{rocha1991antigenic,
  title={Antigenic and genetic variation in influenza {A} ({H1N1}) virus isolates recovered from a persistently infected immunodeficient child},
  author={Rocha, Elisabet and Cox, Nancy J and Black, Renee A and Harmon, Maurice W and Harrison, Christopher J and Kendal, Alan P},
  journal={Journal of Virology},
  volume={65},
  number={5},
  pages={2340--2350},
  year={1991},
  publisher={Am Soc Microbiol}
} % chronic IAV, within-host evolution and antigenic variants.

@article{fatoye2022global,
  title={Global and regional prevalence and incidence of systemic lupus erythematosus in low-and-middle income countries: a systematic review and meta-analysis},
  author={Fatoye, Francis and Gebrye, Tadesse and Mbada, Chidozie},
  journal={Rheumatology International},
  volume={42},
  number={12},
  pages={2097--2107},
  year={2022},
  publisher={Springer}
} % SLE prevelance

@article{tian2023global,
  title={Global epidemiology of systemic lupus erythematosus: a comprehensive systematic analysis and modelling study},
  author={Tian, Jingru and Zhang, Dingyao and Yao, Xu and Huang, Yaqing and Lu, Qianjin},
  journal={Annals of the Rheumatic Diseases},
  volume={82},
  number={3},
  pages={351--356},
  year={2023},
  publisher={BMJ Publishing Group Ltd}
} % SLE prevelance

@article{rose2016prediction,
  title={Prediction and prevention of autoimmune disease in the 21st century: a review and preview},
  author={Rose, Noel R},
  journal={American Journal of Epidemiology},
  volume={183},
  number={5},
  pages={403--406},
  year={2016},
  publisher={Oxford University Press}
} % Autoimmune diagnosis often after serious tissue damage has already occured

@article{sole2023transcriptional,
  title={Transcriptional re-programming of insulin {B}-chain epitope-specific {T}-follicular helper cells into anti-diabetogenic {T}-regulatory type-1 cells},
  author={Sol{\'e}, Patricia and Parras, Daniel and Yamanouchi, Jun and Garnica, Josep and Garabatos, Nahir and Moro, Joel and Monta{\~n}o, Javier and Mondal, Debajyoti and Fandos, C{\'e}sar and Yang, Yang and others},
  journal={Frontiers in Immunology},
  volume={14},
  pages={1177722},
  year={2023},
  publisher={Frontiers}
} % Tr1 follow-up, scRNAseq, Tfh precursors

@article{martinez2018pd,
  title={{PD-1} blockade unleashes effector potential of both high-and low-affinity tumor-infiltrating {T} cells},
  author={Mart{\'\i}nez-Usatorre, Amaia and Donda, Alena and Zehn, Dietmar and Romero, Pedro},
  journal={The Journal of Immunology},
  volume={201},
  number={2},
  pages={792--803},
  year={2018},
  publisher={American Association of Immunologists}
} % PD1 blockade, low and high affinity, mention of TAAs mostly being self-antigens in introduction.

@article{mcmahan2007mobilizing,
  title={Mobilizing the low-avidity {T} cell repertoire to kill tumors},
  author={McMahan, Rachel H and Slansky, Jill E},
  journal={Seminars in Cancer Biology},
  volume={17},
  number={4},
  pages={317--329},
  year={2007},
  organization={Elsevier}
} TAAs are self-antigens, lower affinity (tolerized)

@article{hay2023low,
  title={Low {TCR} binding strength results in increased progenitor-like {CD8+ }tumor-infiltrating lymphocytes},
  author={Hay, Zachary LZ and Knapp, Jennifer R and Magallon, Roman E and O'Connor, Brian P and Slansky, Jill E},
  journal={Cancer Immunology Research},
  volume={11},
  number={5},
  pages={570--582},
  year={2023},
  publisher={AACR}
} % low-affinity less prone to exhaustion but more progenitor like and less anti-tumour activity.

@article{kim2022evasion,
  title={The evasion mechanisms of cancer immunity and drug intervention in the tumor microenvironment},
  author={Kim, Seong Keun and Cho, Sun Wook},
  journal={Frontiers in Pharmacology},
  volume={13},
  pages={868695},
  year={2022},
  publisher={Frontiers}
} % cancer immune evasion

@article{xu2019broad,
  title={Broad cross-reactivity of the {T}-cell repertoire achieves specific and sufficiently rapid target searching},
  author={Xu, Jin and Jo, Junghyo},
  journal={Journal of Theoretical Biology},
  volume={466},
  pages={119--127},
  year={2019},
  publisher={Elsevier}
} % binding model of TCRs, cross-reactivity

@article{dunn2002cancer,
  title={Cancer immunoediting: from immunosurveillance to tumor escape},
  author={Dunn, Gavin P and Bruce, Allen T and Ikeda, Hiroaki and Old, Lloyd J and Schreiber, Robert D},
  journal={Nature Immunology},
  volume={3},
  number={11},
  pages={991--998},
  year={2002},
  publisher={Nature Publishing Group US New York}
} % cancer immune escape review.

@article{finn2018believer,
  title={A believer’s overview of cancer immunosurveillance and immunotherapy},
  author={Finn, Olivera J},
  journal={The Journal of Immunology},
  volume={200},
  number={2},
  pages={385--391},
  year={2018},
  publisher={American Association of Immunologists}
} % cancer immunotherapy review, including immune escape

@article{hirschhorn2023t,
  title={T cell immunotherapies engage neutrophils to eliminate tumor antigen escape variants},
  author={Hirschhorn, Daniel and Budhu, Sadna and Kraehenbuehl, Lukas and Gigoux, Mathieu and Schr{\"o}der, David and Chow, Andrew and Ricca, Jacob M and Gasmi, Billel and De Henau, Olivier and Mangarin, Levi Mark B and others},
  journal={Cell},
  volume={186},
  number={7},
  pages={1432--1447},
  year={2023},
  publisher={Elsevier}
} % cancer immune escape, T cells, neutrophils

@article{meffre2001somatic,
  title={Somatic hypermutation shapes the antibody repertoire of memory {B} cells in humans},
  author={Meffre, Eric and Catalan, Nadia and Seltz, Fran{\c{c}}oise and Fischer, Alain and Nussenzweig, Michel C and Durandy, Anne},
  journal={The Journal of Experimental Medicine},
  volume={194},
  number={3},
  pages={375--378},
  year={2001},
  publisher={The Rockefeller University Press}
} % somatic hypermutation

@article{wagner1996somatic,
  title={Somatic hypermutation of immunoglobulin genes},
  author={Wagner, Simon D and Neuberger, Michael S},
  journal={Annual Review of Immunology},
  volume={14},
  number={1},
  pages={441--457},
  year={1996},
  publisher={Annual Reviews 4139 El Camino Way, PO Box 10139, Palo Alto, CA 94303-0139, USA}
} % somatic hypermutation review

@article{di2007molecular,
  title={Molecular mechanisms of antibody somatic hypermutation},
  author={Di Noia, Javier M and Neuberger, Michael S},
  journal={Annual Review of Biochemistry},
  volume={76},
  pages={1--22},
  year={2007},
  publisher={Annual Reviews}
} % somatic hypermutation review

@article{redd2012previously,
  title={Previously transmitted {HIV-1} strains are preferentially selected during subsequent sexual transmissions},
  author={Redd, Andrew D and Collinson-Streng, Aleisha N and Chatziandreou, Nikolaos and Mullis, Caroline E and Laeyendecker, Oliver and Martens, Craig and Ricklefs, Stacy and Kiwanuka, Noah and Nyein, Phyu Hninn and Lutalo, Tom and others},
  journal={The Journal of Infectious Diseases},
  volume={206},
  number={9},
  pages={1433--1442},
  year={2012},
  publisher={Oxford University Press}
} % HIV evolution ancestral strain (primary article)

@article{theys2018impact,
  title={The impact of {HIV-1} within-host evolution on transmission dynamics},
  author={Theys, Kristof and Libin, Pieter and Pineda-Pena, Andrea-Clemencia and Nowe, Ann and Vandamme, Anne-Mieke and Abecasis, Ana B},
  journal={Current Opinion in Virology},
  volume={28},
  pages={92--101},
  year={2018},
  publisher={Elsevier}
} % HIV within- between- host dynamics review

@article{alizon2013within,
  title={Within-host and between-host evolutionary rates across the {HIV-1} genome},
  author={Alizon, Samuel and Fraser, Christophe},
  journal={Retrovirology},
  volume={10},
  pages={1--10},
  year={2013},
  publisher={Springer}
} HIV within- between- host dynamics review

@article{cardenas2022genomic,
  title={Genomic epidemiological models describe pathogen evolution across fitness valleys},
  author={C{\'a}rdenas, Pablo and Corredor, Vladimir and Santos-Vega, Mauricio},
  journal={Science Advances},
  volume={8},
  number={28},
  pages={eabo0173},
  year={2022},
  publisher={American Association for the Advancement of Science}
} % genomic epidemiological Opqua model

@article{price2004t,
  title={T cell receptor recognition motifs govern immune escape patterns in acute {SIV} infection},
  author={Price, David A and West, Sadie M and Betts, Michael R and Ruff, Laura E and Brenchley, Jason M and Ambrozak, David R and Edghill-Smith, Yvette and Kuroda, Marcelo J and Bogdan, Derek and Kunstman, Kevin and others},
  journal={Immunity},
  volume={21},
  number={6},
  pages={793--803},
  year={2004},
  publisher={Elsevier}
}

@article{li2012determinants,
  title={Determinants of public {T} cell responses},
  author={Li, Hanjie and Ye, Congting and Ji, Guoli and Han, Jiahuai},
  journal={Cell Research},
  volume={22},
  number={1},
  pages={33--42},
  year={2012},
  publisher={Nature Publishing Group}
}